2898 4868
675 353 971 482 ..10¹0-

284 595 402 656 invasit.
448 593 480 654 ln
502 593 624 655 Luciani
646 600 745 656 antem
766 589 868 655 libello
890 593 998 666 Quom.
1027 589 1132 654 histor.
1155 581 1306 654 conscrib.
1330 589 1381 652 sit

286 697 320 759 T.
343 696 377 758 ll.
397 715 427 778 p.
441 697 504 772 65„
527 695 667 776 quoniam
690 693 887 758 Callimachus
909 689 1119 778 βραχυλογίας
1131 692 1379 756 studiosissimus

285 807 382 875 esset,
406 817 460 880 pro
484 794 691 878 Καλλίμαχος
715 795 791 858 falso
813 797 949 868 Pierscn.
979 794 1017 856 ad
1046 793 1208 860 Herodian.
1239 794 1378 859 Philhet.

284 921 314 983 p.
338 899 411 964 139.
434 901 579 980 probante
601 895 778 962 liuimhenio
807 899 906 961 intulit
934 897 1156 974 Antimachum3
1182 917 1251 962 nam
1277 899 1378 962 etiam

285 1001 483 1066 Callimachus
506 1003 536 1064 in
564 1019 675 1064 summa
702 1000 849 1064 brevitate
876 1001 1104 1081 loquacissimus
1132 1006 1196 1078 est,
1226 999 1282 1063 cfr.
1307 999 1376 1064 Alf.

284 1105 416 1168 Hecheri
439 1102 614 1166 Commentt.
639 1101 808 1166 Callimaoh.
832 1119 861 1183 p.
885 1101 956 1167 135.
980 1119 1041 1184 sq„
1070 1103 1120 1184 qui
1140 1102 1376 1184 Wyttenhachii

285 1215 431 1270 conatum·
446 1208 476 1268 in
498 1205 625 1288 Eunapii
646 1207 749 1269 verbis
771 1196 815 1281 ὥς
841 1200 871 1270 εἰ
892 1201 1142 1287 Καλλίμαχον
1170 1194 1298 1291 Ὁμήρῳ
1320 1227 1376 1280 τις

285 1300 496 1394 ἀπιστήσειεν
511 1309 719 1371 Antimachum
733 1309 919 1372 restituentis
931 1307 1096 1390 prudenter
1106 1309 1253 1387 repressit
1257 1327 1266 1383 3
1289 1305 1375 1370 adde

166 1423 169 1431 '
285 1412 318 1474 0.
342 1413 389 1474 Fr.
413 1411 657 1474 Hermannimot.
681 1411 718 1474 ad
741 1410 864 1473 Luciani
883 1410 981 1472 locum
1004 1429 1033 1492 p.
1055 1408 1128 1472 336.
1152 1427 1197 1489 sq.
1241 1407 1373 1473 inversa

283 1515 402 1577 ratione
425 1516 456 1576 in
477 1513 515 1577 fr.
539 1516 676 1594 sequenti
700 1521 730 1576 et
752 1516 782 1575 in
808 1511 930 1576 Anthol.
959 1513 1010 1576 Gr.
1033 1511 1083 1599 lV,
1108 1509 1159 1590 12,
1184 1510 1255 1573 101.
1280 1511 1373 1585 (vide

285 1617 361 1680 infra
385 1618 587 1699 epigramma)
610 1615 804 1679 Antimachus
829 1614 1048 1702 Callimachum¹
1062 1615 1130 1677 loco
1150 1613 1303 1696 pepulisse
1319 1614 1371 1676 vi-

285 1715 382 1790 detur.
402 1757 435 1788 —.
471 1720 502 1784 Si
524 1718 702 1781 Antimacho
715 1719 782 1806 hoo
804 1718 841 1782 ir.
863 1717 1082 1780 attribuendum
1105 1725 1165 1796 est,
1189 1733 1256 1779 cum
1277 1716 1370 1780 Wel-

286 1823 378 1885 chero
403 1821 506 1904 (Cycl.
529 1841 577 1903 ep.
600 1840 630 1902 p.
654 1819 726 1884 101.
748 1820 817 1884 Not.
841 1821 909 1895 16.)
933 1821 971 1883 ad
990 1811 1175 1883 Thebaidem
1201 1819 1373 1900 poterimus

284 1925 411 1988 referre.
455 1925 531 1987 Nam
554 1943 643 2004 ‹puum
672 1925 789 1988 Mantus
819 1923 979 1987 Thebaidis
1004 1923 1281 2000 consecrationem,
1310 1936 1374 2002 qrra

284 2027 416 2109 Apollini
439 2029 585 2109 Delphico
599 2036 716 2090 sacrata
732 2035 789 2105 est,
811 2028 842 2089 in
857 2027 1025 2089 Antimachi
1039 2025 1170 2090 carmine
1187 2024 1373 2105 descriptam

284 2130 377 2194 luisse
400 2133 465 2194 veri
480 2132 526 2196 ,sit
549 2131 743 2206 simillimum3
770 2137 802 2193 ul
829 2132 860 2191 in
881 2130 1027 2212 Epigonis
1054 2128 1219 2191 Homericis
1242 2128 1371 2209 Hyper·

285 2234 371 2297 horei
394 2241 596 2304 memora-ntur
619 2232 782 2308 (herodot.
804 2231 854 2311 lv,
877 2231 957 2310 32),
983 2232 1023 2294 ita
1045 2231 1076 2293 in
1098 2229 1266 2294 Antimachi
1289 2248 1372 2313 quo-

285 2356 344 2418 que
368 2335 521 2399 Thebaide
544 2354 648 2400 eorum
670 2337 781 2399 mentio
804 2334 882 2400 lacta
904 2351 973 2399 esse
996 2333 1124 2399 videtur.

491 2618 495 2622 ·
617 2590 731 2656 cxlx.
777 2607 850 2675 (sm.
870 2610 910 2661 rr.
929 2609 959 2662 a.
978 2609 1035 2675 or.)

380 2771 490 2846 ’Ἔστιν
511 2802 570 2863 μοι.
587 2770 724 2868 Μάγνης
745 2772 950 2864 ἑννεάμοιιλος
971 2771 1052 2857 ὄνος.

369 2944 531 3009 Herodian.
559 2944 686 3008 Philhet.
712 2963 742 3026 p.
772 2943 846 3009 139.
873 2943 922 3008 ed.
951 2945 1085 3008 Pierscn.
1114 2937 1369 3031 ἐννεοίμοκλος

284 3038 384 3124 ὄνος,
413 3038 515 3134 παρὰ
542 3035 774 3132 Ἀντιμάχῳ·
797 3037 871 3112 dvm
897 3036 1012 3130 μῦκλαι
1039 3043 1076 3111 δὲ
1101 3044 1243 3132 λέγονται
1271 3049 1306 3118 αἱ
1331 3049 1368 3118 ἐν

266 3151 351 3223 ιτοῒς
372 3145 495 3213 σκέλεσι
515 3147 577 3213 τῶν
593 3141 678 3215 ὄνων
705 3146 908 3238 περιγραφολ
951 3149 1064 3225 Eadem
1087 3151 1194 3231 verba,
1223 3151 1278 3216 sed
1307 3171 1369 3217 au·
1445 3155 1446 3187 ¹

284 3253 395 3330 cliora,
422 3258 458 3313 ut
481 3269 571 3333 supra
594 3252 753 3335 legrmtur,
782 3253 830 3319 Et.
851 3254 891 3318 hl.
913 3272 943 3335 p.
966 3252 1039 3332 591,
1068 3253 1119 3318 20.
1148 3263 1179 3317 et
1201 3256 1307 3320 Tacta.
1329 3258 1370 3320 ad

181 3369 215 3397 ··
281 3354 433 3437 Lycophr.
457 3353 528 3417 771.
551 3355 682 3418 tribuunt
713 3353 947 3419 Callimacho.
990 3357 1066 3420 vide
1089 3356 1203 3423 Gallim.
1232 3358 1270 3425 fr.
1295 3359 1370 3426 180.

235 3517 243 3528 ,
283 3459 321 3520 Ut
342 3457 520 3520 Antimacho
544 3454 746 3520 adiudicemus
770 3467 800 3522 et
827 3461 951 3522 adeius
977 3459 1170 3525 Catachenen
1197 3481 1265 3525 cum
1287 3461 1370 3526 Ber-

282 3561 355 3642 ghio
380 3561 428 3636 (in
443 3561 609 3626 Zimmerm.
632 3560 717 3621 Actis
731 3563 824 3626 schol.
842 3562 934 3625 1835.
958 3563 994 3627 ll.
1008 3563 1044 3627 N.
1062 3563 1131 3639 37.)
1153 3570 1183 3626 et
1204 3564 1371 3628 Duehnero

258 3662 466 3741 ·relerarnus‚
489 3664 586 3744 possit
608 3680 664 3725 nos
682 3663 856 3744 Magnesiae
879 3675 914 3727 et'
928 3663 1110 3747 Colophonis
1126 3667 1242 3729 urbium
1258 3668 1370 3730 vicinia

284 3785 486 3830 commovere.
503 3799 536 3809 -
577 3767 622 3828 Dc
645 3784 721 3828 voce
735 3757 850 3848 μὺκλοι
872 3765 910 3831 cf.
928 3768 1058 3850 Hesych.
1082 3788 1107 3833 s.
1123 3789 1152 3832 ν.
1174 3765 1209 3834 αἱ
1229 3767 1303 3856 περὶ
1323 3761 1370 3834 τοὶ

249 3887 259 3910 ⁴
284 3866 377 3954 σκέλη
399 3867 451 3934 καὶ
478 3866 510 3933 ἐν
532 3871 600 3945 τοῖς
621 3868 695 3934 ποσὶ
717 3867 769 3934 καὶ
791 3865 845 3933 ἐπὶ
866 3860 966 3934 νώτου
992 3869 1055 3934 τιῦν
1077 3863 1326 3959 ὄνων-γραμμαί,
1351 3893 1371 3935 ο

285 3989 409 4051 quarum
432 3991 555 4036 nurnero
579 3981 662 4035 actas
685 3973 814 4036 fortasse
838 3975 867 4034 in
887 3974 978 4035 asinis
1002 3974 1251 4056 dignoscebatur,
1276 3983 1307 4036 at
1330 3977 1374 4036 ait

234 4159 241 4164 .
284 4073 424 4190 Stephana
456 4075 491 4134 ad
528 4075 658 4158 Hesych.
691 4077 823 4156 glossam
854 4066 1069 4159 ἐννειὶλιονλος,
1099 4068 1241 4162 ἰσχυρός,
1281 4074 1373 4143 ἕννα-

284 4197 368 4261 ετης.
687 4198 690 4204 ’
