2936 4908
589 389 952 486 v-1o-

282 579 440 643 timarchum
463 581 552 640 etiam
575 567 611 640 dc
635 578 844 656 vita.aliisque
865 575 957 637 rebus
980 575 1017 638 ad
1040 575 1201 636 Homem'm
1224 579 1371 653 spectan-

283 683 361 744 tibus
385 681 601 759 conscripsisse
624 679 770 756 libellum,
794 697 883 758 quem
906 678 970 740 eius
994 677 1117 739 editioni
1139 676 1261 738 Homeri
1283 693 1372 738 more

283 784 542 865 grammaticorum
558 783 762 861 praepositum
784 779 876 842 fuisse
888 780 954 840 veri
976 777 1053 840 baud
1067 777 1203 840 absimile
1220 784 1280 839 est.
1297 777 1371 838 Hoc

282 887 312 947 in
334 886 435 949 libello
459 885 601 948 memoria
626 883 676 944 illa
704 882 826 944 infuisse
854 881 984 958 videtur,
1016 899 1103 960 quam
1130 881 1307 962 Anonymus
1330 879 1372 942 de

283 989 407 1050 Homeri
429 987 516 1068 poesi
540 987 623 1049 Tom.
646 988 681 1048 V.
705 1005 734 1066 p.
752 983 830 1048 let.
861 986 938 1066 Opp.
961 985 1047 1047 Hom.
1077 981 1124 1046 ed.
1147 982 1267 1045 Ernest.
1291 999 1373 1044 con-

284 1092 431 1166 seruauit,
455 1089 662 1152 Antimachum
680 1087 849 1169 Colophoni
869 1087 935 1149 urbi
951 1087 1113 1150 Homerum
1135 1083 1371 1158 vindicassem).

285 1194 365 1266 Quas
387 1193 534 1256 lectiones
557 1191 670 1258 scholia
692 1191 808 1254 laudata
832 1191 918 1254 nobis
936 1195 1164 1266 conservarunt,
1187 1205 1291 1271 omnes
1313 1206 1372 1250 eae

171 1305 174 1314 ¹
284 1303 352 1364 sunt
373 1295 486 1370 Iliadis;
517 1294 571 1356 sed
602 1295 690 1356 etiam
717 1294 884 1376 odysseam
914 1292 950 1354 ab
980 1290 1159 1354 Antimacho
1190 1291 1371 1356 recensitam

287 1415 355 1458 esse
379 1399 504 1482 apparet
527 1416 566 1458 ex
590 1397 699 1462 Soboll.
722 1397 891 1460 Buttmanni
912 1393 1076 1476 adedit,
1091 1383 1151 1455 85.
1255 1461 1259 1468 ,

369 1517 525 1580 Rationem
554 1535 611 1596 qua
631 1516 791 1578 Homerum
814 1516 987 1579 tractaverit
1015 1514 1041 1574 si
1068 1513 1266 1602 quaerimus‚·
1280 1519 1371 1574 vete-

284 1637 349 1680 rum
371 1618 512 1678 librorum
536 1619 741 1688 auctoritatem
763 1619 793 1678 in
810 1618 908 1680 multis
931 1635 1034 1697 parurn
1053 1616 1258 1679 aestimantem
1282 1621 1312 1676 et
1332 1615 1372 1676 ad

286 1738 370 1782 suum
400 1720 551 1782 arbitrium
580 1738 645 1782 cum
674 1719 796 1781 audacia
822 1725 982 1785 mutantem
1010 1734 1077 1780 enm
1105 1717 1372 1798 deprehendimus3

289 1839 347 1902 quc
371 1825 533 1902 praecipue
556 1822 656 1902 pravis
680 1821 718 1884 de
743 1822 943 1902 grammaticis
970 1821 1061 1882 rebus
1089 1825 1119 1882 et
1145 1819 1183 1884 de
1212 1820 1373 1884 Homerica

285 1925 414 1986 dictione
437 1924 552 1986 iudiciis
581 1932 611 1985 ct
633 1923 742 2000 studio,
769 1931 802 1985 ut
823 1924 987 2004 perplexos
1010 1923 1133 1984 Homeri
1156 1931 1186 1984 et
1207 1921 1371 2003 impeditos

285 2027 368 2089 locos
393 2027 597 2106 expeditiores
621 2034 652 2088 et
669 2026 819 2089 faciliores
843 2027 927 2104 quasi
945 2025 1087 2089 redderet
1109 2025 1272 2102 intellectu,
1295 2043 1373 2106 per-

285 2129 391 2202 ductus
414 2129 540 2208 videtur.
587 2130 681 2202 Quam
703 2149 767 2192 rem
790 2131 821 2190 in
843 2128 968 2210 singulis
986 2128 1165 2192 lectionibus
1188 2126 1264 2190 infra
1286 2135 1372 2192 bao-

287 2233 354 2294 tatis
377 2231 465 2296 facile
488 2233 666 2313 perspicies

375 2355 474 2428 Quare
505 2371 593 2433 quum
619 2369 756 2434 magnam
787 2369 909 2431 operam
939 2351 969 2415 in
994 2351 1116 2413 Homeri
1146 2349 1250 2414 studiis
1279 2339 1394 2414 Anti-'

285 2454 420 2516 maehum
443 2456 663 2536 consumpsisse
687 2455 854 2533 videamus
878 2456 909 2517 in
932 2471 986 2516 sua
1005 2455 1098 2536 ipsius
1112 2454 1229 2535 poetica
1243 2455 1374 2533 ratione,

288 2554 324 2617 de
348 2574 404 2636 qua
428 2577 506 2618 nunc
528 2557 614 2619 nobis
638 2557 795 2621 dicendum
823 2566 886 2637 est,
918 2558 1046 2620 maxime
1076 2576 1116 2620 ex
1142 2556 1273 2620 Homero
1304 2576 1375 2620 eum
1463 2559 1464 2598 ³

290 2657 472 2738 pependisse
495 2679 584 2740 quum
603 2679 658 2741 per
681 2679 714 2723 se
737 2668 830 2741 patet,
854 2667 914 2722 trun
937 2680 977 2723 ex
1006 2658 1181 2740 fragmentis
1204 2678 1281 2740 quae
1300 2677 1375 2722 res·-
1463 2661 1464 2676 ¹

287 2769 348 2822 tant
376 2763 447 2824 satis
478 2771 612 2844 apparet.
657 2763 698 2826 At
724 2769 813 2844 quum
835 2762 1018 2843 temporibus
1039 2763 1157 2824 mutatis
1177 2763 1266 2825 etiam
1287 2762 1373 2826 liuc-
1463 2757 1464 2804 1

286 2881 384 2926 narum
423 2883 536 2946 genera
567 2868 756 2928 immutentur
785 2872 816 2927 et
850 2881 905 2926 sno
942 2864 1080 2945 quodque
1109 2882 1241 2946 poeseos
1271 2883 1373 2946 genus

288 2975 423 3048 tempore
446 2975 529 3028 certo
553 2969 676 3043 floreat,
700 2951 802 3047 poesis
815 2967 937 3032 heroica
952 2969 1169 3049 posterioribus
1188 2969 1373 3050 Graecorum

286 3069 449 3143 aetatibuS‚
472 3069 578 3146 quibus
600 3068 749 3132 hominum
772 3088 872 3132 mores
895 3091 912 3133 a
934 3074 1059 3154 pristina
1084 3074 1272 3154 simplicitate
1296 3073 1373 3134 aba·

286 3172 388 3232 lienati
415 3177 517 3246 erant,
549 3171 584 3232 ab
612 3171 742 3235 Homero
769 3175 864 3256 magis
888 3178 1044 3258 magisque
1067 3165 1206 3238 discessit
1230 3184 1260 3239 et
1281 3175 1372 3237 indo-

285 3272 347 3334 lem
368 3272 415 3332 sui
439 3274 583 3352 temporis
605 3274 707 3336 induit.
754 3277 855 3357 ltaque
878 3279 935 3342 iam
956 3287 1081 3360 propter
1103 3278 1197 3340 solam
1227 3277 1372 3360 temporis

287 3391 345 3454 qno
358 3373 560 3436 Antimachus
590 3379 665 3438 vixit
692 3387 826 3442 naturam
848 3382 913 3456 cius
936 3383 1038 3461 poesis
1062 3381 1254 3444 Homericam
1277 3387 1373 3443 artem

287 3477 533 3556 simplicissimam
562 3488 592 3540 et
619 3480 868 3560 perfectissimam
898 3483 1018 3563 assequi
1049 3499 1108 3544 non
1140 3490 1265 3564 poterat.
1312 3480 1372 3546 Sed

197 3581 198 3586 ’
287 3581 375 3642 etiam
397 3580 455 3641 boc
478 3583 505 3642 ci
529 3571 656 3644 maxime
680 3583 805 3662 obstitit,
836 3585 915 3666 quod
938 3587 1002 3648 eius
1026 3593 1124 3650 aetate
1155 3588 1240 3668 epica
1268 3586 1372 3667 poesis

228 3723 229 3726 κ
286 3683 397 3764 populo
420 3685 516 3746 minus
539 3685 724 3766 probabatur¹
746 3695 776 3750 et
798 3687 835 3751 ad
858 3688 914 3749 alia
937 3705 1069 3768 poeseos
1092 3707 1221 3770 genera,
1244 3689 1370 3770 lyricam

287 3793 318 3847 et
340 3785 547 3865 dalmaticam,
571 3788 720 3852 hominum
743 3790 830 3852 animi
853 3806 925 3852 sese
949 3800 1168 3860 converterant.
1214 3793 1309 3866 Quam
1332 3792 1371 3854 ob

267 3893 406 3950 'causam
430 3893 534 3970 opicae
558 3895 678 3973 spiritus
702 3901 789 3974 atque
813 3893 902 3974 vigor
924 3891 1109 3986 evanescere
1132 3903 1163 3959 et
1185 3894 1214 3956 id
1237 3912 1370 3976 poeseos

320 4117 368 4188 29)
404 4119 467 4170 Vide
485 4119 594 4172 Nitzsch
612 4120 924 4190 hist.lt0m.l.p.1ol.
949 4086 1076 4177 Welclier
1097 4125 1167 4192 cycl
1187 4127 1252 4191 apic.
1272 4143 1295 4192 p
1313 4124 1371 4176 tet.

140 4249 151 4266 Ι
183 4161 187 4166 ι
288 4183 323 4238 0.
335 4187 447 4240 Mueller
465 4189 518 4239 hist
538 4188 582 4240 litt
599 4207 683 4258 graec.
699 4191 768 4243 'lom
787 4191 804 4242 l.
824 4210 848 4258 p.
867 4191 899 4244 72
916 4207 1009 4261 sqq.
