2936 4908
684 413 950 482 unw—

367 603 431 666 lluc
453 601 569 666 accedit
592 600 679 664 aliud·
697 602 780 665 cuius
809 601 943 682 graviter
968 619 985 662 a
1008 607 1143 662 veterum
1166 599 1378 680 scriptoribus

277 706 469 769 Antimachus
500 713 656 768 accusatur
688 705 790 768 vitium
818 705 945 766 nimiae
974 704 1009 764 in
1037 703 1247 783 narratione
1279 721 1379 783 pro-

278 797 440 871 lixitatis
471 817 506 872 et
535 807 787 887 loquacitatis,
818 823 905 886 qnam
934 823 1028 886 prava
1056 803 1094 866 de
1127 805 1212 885 cpica
1240 807 1376 885 perspi-

1418 2247 1419 2294 t

1418 2353 1419 2393 l

279 912 388 974 caritate
405 911 507 992 opinio
524 917 554 972 et
569 909 714 972 ubertatis
734 907 853 972 allectio
868 909 1011 990 genuisse
1027 907 1153 970 videtur.
1189 906 1247 972 Sed
1266 908 1375 970 inanis

277 1011 328 1075 illa
350 1005 563 1075 Antimacheae
596 1013 738 1074 orationis
765 1013 963 1094 exaggeratio
990 1028 1079 1091 tntum
1105 1027 1166 1072 non
1191 1029 1233 1072 ex
1260 1029 1372 1074 rerum

279 1113 543 1177 describendarum
573 1123 675 1176 natura
706 1122 794 1176 enata
819 1135 919 1178 rerum
949 1113 1116 1178 auctoritati
1143 1131 1204 1175 non
1231 1131 1375 1194 respon-

280 1216 381 1292 deret,
403 1217 440 1279 ah
463 1217 585 1288 Homeri
601 1217 785 1280 verbositate
807 1217 898 1280 rehus
915 1215 1089 1281 enarrandis
1104 1223 1173 1297 apta
1188 1223 1219 1277 et
1241 1233 1373 1278 accom-

279 1319 396 1381 modata
426 1321 554 1383 maxime
579 1319 716 1382 distabat.
769 1311 854 1382 Unde
884 1319 991 1388 iactum
1023 1327 1089 1398 est,
1122 1327 1154 1380 ut
1184 1317 1309 1381 Homeri
1337 1322 1371 1382 in

279 1439 392 1504 summa
414 1421 550 1484 ubertate
573 1421 705 1485 brevitas
728 1431 827 1484 tamen
849 1421 1000 1486 celebrata
1022 1423 1076 1500 sit,
1099 1421 1372 1504 Antimachigar-

280 1525 384 1586 rulitas
405 1525 653 1604 vituperetur³⁷).
699 1525 783 1598 Quae
806 1541 981 1605 quamquam
1009 1526 1098 1588 etiam
1125 1525 1305 1603 in-verhis,
1336 1528 1370 1588 in

279 1625 371 1688 rebus
399 1633 499 1688 tamen
528 1627 601 1707 ipsis
633 1627 761 1690 maxime
791 1627 952 1706 conspicua
985 1635 1046 1705 est,
1078 1629 1160 1693 euius
1195 1629 1372 1706 exemplum

279 1712 533 1810 elegantissimum
555 1728 728 1792 Plutarchus
750 1729 780 1792 in
792 1729 871 1792 libro
892 1730 930 1793 de
942 1731 1116 1812 garrulitate
1138 1731 1311 1809 conscripto
1323 1731 1368 1806 ³⁸)

281 1832 381 1895 lictum
408 1833 556 1910 proponit.
606 1831 748 1899 'Videmus
769 1823 895 1910 'poetam
922 1817 1118 1896 ernholiorum
1147 1841 1177 1896 et
1207 1834 1371 1915 ambagum

279 1932 531 1996 studiosissimum
553 1941 583 1996 et
609 1953 659 1997 res
686 1936 901 1998 remotissimas
929 1924 1016 1998 aride
1039 1944 1234 2014 repetentem.
1263 1935 1371 2008 Quam

215 2049 218 2056 ’
273 2037 427 2106 ,rationem
449 2043 481 2098 ut
501 2037 616 2113 iniret,
647 2056 784 2120 magnam
812 2046 928 2116 partem
956 2037 1110 2100 doctrinae
1138 2025 1370 2102 consectatione

284 2146 447 2199 commotus
469 2139 599 2215 videtur}
623 2158 715 2219 quare
737 2158 797 2202 non
820 2143 1121 2220 temereopihamur,
1144 2159 1228 2204 more
1251 2159 1369 2205 recen-

278 2241 385 2303 tiorum
408 2244 559 2320 epicorum
582 2248 735 2320 poetarum
757 2245 932 2323 saepissime
960 2243 997 2306 ad
1024 2245 1160 2326 antiquas
1187 2252 1217 2306 et
1247 2244 1368 2306 ohscu-

281 2346 379 2406 riores
403 2359 470 2406 eum
493 2352 523 2406 ct
545 2344 671 2426 singulis
694 2353 805 2408 tantum
826 2347 1000 2429 regionibus
1018 2347 1153 2426 proprias
1175 2345 1292 2408 fabulas
1313 2366 1371 2409 re-

281 2445 442 2524 disse‚‘,et
470 2465 542 2519 suae
571 2449 676 2512 aetatis
707 2467 807 2511 mores
838 2458 868 2511 et
885 2452 1029 2512 'instituta
1056 2467 1216 2530 rcrumqoe
1246 2431 1370 2512 nomina

281 2550 312 2610 in
334 2550 454 2629 antiqua
477 2557 612 2628 tempora
634 2551 1161 2638 abeuntem·explicare‘studuisse.
1207 2549 1297 2614 Cuius
1316 2553 1370 2614 *rei
1418 2529 1419 2584 ³

279 2653 368 2714 etiam
400 2653 430 2714 in
465 2651 640 2734 fragmentis
675 2656 816 2718 nonnulla
853 2657 982 2737 vestigia
1021 2656 1212 2738 deteguntur.
1248 2653 1284 2718 ir.
1317 2655 1368 2717 lll.

281 2754 378 2817 xxvt
398 2773 463 2834 sqq.
487 2755 560 2818 XLl.

365 2901 428 2964 Hae
451 2920 518 2980 rm,
550 2920 626 2981 quae
656 2922 717 2966 non
739 2903 836 2965 solum
867 2904 897 2964 in
927 2889 1104 2980 Thebaides
1125 2904 1179 2965 sed
1210 2906 1298 2966 etiam
1337 2907 1369 2966 in

153 2992 161 3006 ’
280 3005 404 3084 reliquis
426 3004 593 3066 Antimachi
610 3007 788 3070 carminibus
803 3007 973 3084 valuerunt,
996 3008 1157 3084 praecipue
1175 3025 1214 3068 ex
1228 3015 1369 3069 veterum

280 3109 457 3188 scriptorum
486 3110 662 3173 testimoniis
693 3109 913 3170 demonstratae
943 3109 1039 3172 lucem
1069 3105 1195 3171 alleru'nt
1227 3117 1369 3174 veterum
1418 3171 1419 3174 ,

280 3209 319 3272 de
341 3212 515 3294 praelongis
535 3212 703 3278 Antimachi
726 3203 867 3292 operihhs
881 3199 1010 3284 indiciis.
1035 3197 1163 3274 ‘Cicero
1179 3199 1247 3274 loco
1271 3231 1369 3296 supra

280 3313 368 3376 allato
393 3313 572 3378 Thebaidem
596 3332 756 3396 magnum
780 3313 943 3376 volumen
967 3317 1264 3398 nomiman-,quocum
1287 3334 1369 3378 eon-

282 3425 392 3499 gruunt
415 3417 512 3482 Schol.
537 3417 573 3480 ad
596 3419 668 3484 Stat.
693 3417 786 3478 Theb.
810 3417 950 3496 tratas,
964 3417 1004 3495 ³⁹)
1036 3426 1066 3480 et
1087 3419 1303 3500 Porphyrionis
1328 3419 1369 3481 ad

311 3695 359 3759 37)
396 3695 500 3762 Gregor.
524 3692 645 3774 llazianz.
669 3696 748 3763 Epist.
772 3697 805 3751 Ill
829 3698 860 3750 ed
886 3696 1000 3754 Nicobul.
1038 3677 1096 3750 Td·
1118 3681 1299 3763 λακωνίζειν
1329 3677 1371 3748 ot?

276 3755 371 3828 τοῦτό
390 3755 590 3868 &commitatae
608 3763 682 3865 clep,
700 3757 814 3851 ’ὀλίγας
834 3761 995 3851 cumbria
1010 3761 1157 3858 γράφειν,
1186 3763 1269 3834 dttd
1290 3770 1369 3860 περὶ

275 3846 430 3942 nisteron
452 3847 592 3948 odorere.x
614 3853 724 3949 Oopctg
753 3846 815 3936 ἐγώ
841 3846 1369 3945 βραχυλογώτατον.’ομηρον

277 3930 381 4034 λέγω,
408 3931 621 4036 κᾳὶὴῑιολυν,
634 3959 696 4003 τον
721 3929 948 4021 Ἀντίμαχον.
986 3940 1077 4023 ticie-
1100 3933 1366 4028 -rcigrrpdyprcor

277 4040 387 4105 apinam
405 4038 442 4082 το
464 4041 576 4106 μηκος,
599 4015 669 4088 αλλ’
690 4015 728 4088 οὐ
752 4025 821 4101 τοῖς
840 4018 1009 4112 γράμμασι.

311 4108 361 4183 38)
396 4119 463 4175 Ptuc
479 4122 510 4176 dc
530 4122 646 4176 Garrulii.
662 4142 686 4193 p.
707 4125 766 4178 51³.

313 4205 361 4269 39]
398 4207 461 4259 Vide
480 4209 542 4259 inira
561 4197 589 4260 ir.
609 4209 717 4262 XXXlll.
