2898 4868
264 493 303 562 de
324 495 432 578 quibus
454 493 528 558 vide.
546 493 684 560 numa.
708 493 902 580 oretanp
923 493 989 560 258
1003 511 1083 578 sqq,
1105 493 1252 562 celelrali
1276 502 1367 560 saut.

266 581 366 674 omre
390 595 552 678 Hercules,
573 595 765 662 Doriensiurn
786 597 890 678 heros,
917 599 949 661 in
973 615 1078 674 eorum
1104 613 1229 661 numero
1252 598 1368 660 inesse

265 717 326 764 non
352 687 480 782 peierat.
525 699 601 762 llinc
628 698 737 764 lactum
764 700 896 779 ridetur,
927 707 960 766 ut
982 683 1174 764 ¹Herodorus.
1195 700 1367 766 Herculem

266 821 333 867 cum
359 802 427 865 aliis
454 801 492 867 ab
518 801 704 884 Argonautis
731 800 918 866 excluderet.
955 802 1052 868 Etiam
1081 802 1265 868 Aristoteles
1301 801 1365 877 (de

265 905 381 987 republ.
404 903 455 982 ΙΙΙ,
479 903 549 980 13.)
572 922 640 966 curn
657 904 841 987 Argonautis
864 891 946 969 illurn
963 904 1130 988 prefectum
1152 923 1223 968 esso
1245 912 1364 986 negat3

267 1006 322 1070 sed
350 1024 470 1070 causam
498 1005 651 1088 proserta
679 1006 803 1087 reliquis
832 1006 922 1089 plane
950 1006 1190 1089 discrepantem:
1228 995 1269 1070 οὗ
1297 995 1365 1092 peip

264 1104 391 1174 eelim
417 1099 513 1174 αὐτόν
544 1097 630 1193 dipsas
651 1100 708 1194 τήν
730 1099 830 1195 ’Λργώ
851 1102 933 1190 pisso?
955 1107 1018 1174 τῶν
1035 1101 1158 1188 ἄλλο»,
1187 1099 1234 1184 ὥς
1255 1097 1388 1194 deneg.

263 1201 426 1294 βάλλοντα
457 1203 540 1276 moini
571 1209 634 1278 τῶν
670 1202 851 1307 πλωτήρων.
896 1212 957 1278 Sed
987 1229 1075 1293 quum
1107 1211 1362 1293 Argonautarum

265 1313 366 1380 labda
392 1315 488 1397 magis
518 1315 673 1397 magisque
701 1314 824 1380 ausura
849 1321 940 1395 atque
967 1321 1136 1398 propagata
1170 1313 1361 1393 reliquarum

268 1435 390 1498 quoquc
412 1417 546 1499 gantiam
571 1416 683 1481 heroes
705 1418 784 1480 inter
811 1425 916 1480 nautas
939 1418 1167 1496 exciperentur,
1195 1415 1360 1493 Hercules,

269 1520 400 1600 omnium
422 1519 601 1596 fortissimus
624 1527 713 1599 atque
735 1520 934 1597 clarissimus,
964 1519 995 1582 in
1018 1535 1123 1584 eorum
1145 1535 1272 1582 numero
1296 1536 1360 1582 non

170 1649 173 1653 ·
269 1621 373 1685 deficit.
418 1620 522 1701 ltaque
552 1621 715 1702 Dionysius
748 1620 947 1702 Mitylenaeus
976 1625 1008 1684 e't
1041 1621 1220 1686 Demaratus
1255 1619 1361 1684 losoni

178 1745 182 1753 ·
270 1725 410 1788 comitem
432 1731 463 1786 et
481 1742 583 1787 rerum
604 1724 635 1786 in
652 1721 795 1788 Colchide
816 1731 970 1806 gestanda
986 1723 1153 1790 adiutorem
1163 1715 1238 1788 ⁴erun
1259 1721 1359 1786 fuisse

267 1822 396 1890 tradunt
440 1825 519 1904 Alii,
549 1833 582 1889 ut
603 1825 740 1902 llerculis
770 1826 884 1900 laltulas
911 1833 980 1908 apte
1008 1827 1227 1909 coniungerent
1250 1832 1281 1888 et
1304 1841 1359 1888 res
1414 1819 1415 1876 l

268 1929 306 1992 ab
335 1946 376 2017 eo
400 1936 504 2011 gestas
531 1946 601 1992 sese
629 1930 816 2010 excipientes
848 1930 879 1991 in
909 1930 1026 2012 cyclum
1056 1930 1142 2010 quasi
1166 1927 1358 2010 redigerent,

269 2031 482 2119 diversissimis
505 2031 664 2095 decausis
687 2031 724 2093 ab
737 2031 921 2112 Argonautis
944 2030 1148 2095 discedentem
1171 2037 1202 2094 et
1223 2030 1264 2094 ad
1280 2031 1359 2093 alias

271 2134 481 2216 expeditiones
504 2133 675 2197 tendentem
698 2135 821 2215 fingunt.
865 2133 941 2196 Vide
968 2129 1045 2215 quac
1071 2133 1172 2200 tradit.
1189 2132 1359 2199 Scholiasta
1414 2117 1415 2186 l

268 2237 414 2300 laudatus.
466 2235 500 2298 ln
529 2236 684 2318 Apollonii
708 2236 920 2319 Mgonauticis
955 2235 1024 2300 duna
1053 2238 1161 2320 llylam
1190 2236 1310 2317 quaerit
1340 2255 1359 2298 a

269 2339 406 2421 Nympha
428 2347 558 2422 raptum,
581 2339 618 2402 ab
640 2339 782 2404 heroibus
793 2339 973 2420 relinquitur
990 2340 1091 2402 insciis
1109 2347 1140 2401 et
1161 2338 1276 2413 invitis3
1300 2337 1358 2402 sed

270 2459 359 2522 quum
382 2459 487 2503 errore
510 2449 664 2520 comperto
687 2441 757 2524 quid
785 2450 868 2505 esset
893 2441 1062 2505 faciendum
1090 2439 1196 2522 iurgiis
1218 2439 1298 2502 lnter
1321 2458 1358 2503 se

267 2540 497 2623 contenderent,
521 2545 651 2616 Glaucus
668 2563 707 2608 ex
720 2545 807 2608 undis
827 2544 962 2609 escendit
981 2533 1208 2623 vaticinaturus,
1230 2539 1357 2607 Herculi

267 2641 380 2712 aione
407 2643 591 2709 destinatum·
609 2663 785 2730 esse-non
812 2649 896 2709 utin
919 2645 1091 2711 Colchidern
1112 2651 1269 2728 pergeret,
1298 2645 1356 2710 sed

267 2755 300 2812 ut
310 2745 432 2813 labores
446 2747 482 2812 ab
497 2747 666 2833 Eurystheo
681 2750 844 2831 imperatos
858 2737 1031 2831 perageret.
1061 2746 1133 2822 Qua.
1142 2747 1357 2813 vaticinatione

266 2851 394 2916 studium
413 2851 506 2932 illud,
530 2869 588 2933 quo
610 2849 748 2914 Herculis
771 2849 889 2914 mbulae
911 2851 990 2914 inter
1011 2864 1045 2913 se
1068 2853 1160 2914 artius
1183 2853 1365 2934 coniunge·

267 2963 388 3033 rentur,
411 2962 491 3018 tecte
514 2953 669 3017 indicatur.
687 2995 719 3005 -
754 2955 848 3029 Quam
871 2951 909 3017 ob
922 2969 1041 3017 causam
1056 2947 1250 3025 Antimachus
1272 2951 1357 3020 Her-

266 3054 364 3119 culem
396 3053 482 3139 Argo
502 3055 670 3150 'reliquisse
699 3055 776 3135 uult,
810 3073 846 3119 ea
874 3057 1021 3138 originem
1051 3055 1142 3120 traxit
1169 3073 1209 3120 ex
1233 3055 1358 3140 vulgari

266 3166 297 3221 et
319 3167 425 3222 vetere
447 3158 485 3222 de
508 3158 633 3223 deorum
655 3160 768 3223 maiore
784 3159 921 3242 pondere
936 3160 1088 3238 opinione,
1111 3160 1195 3222 cadus
1213 3160 1356 3242 exempla

214 3249 216 3262 '
266 3259 387 3324 adducit
409 3261 578 3326 Schellenb.
601 3261 633 3326 ΙΙ.
642 3261 679 3342 v,
693 3259 766 3326 838.
780 3271 810 3326 et
827 3262 899 3328 star.
924 3257 1018 3324 Theb.
1037 3263 1074 3339 v,
1086 3260 1159 3324 lot.
1177 3262 1215 3326 ci.
1238 3263 1376 3326 initium

266 3361 439 3433 Callirnrll.
470 3363 586 3446 Apoll,
617 3363 871 3443 0vid.Met.1v‚
898 3363 973 3428 llss.
988 3354 1030 3412 -'-
1072 3363 1190 3444 Utrum,
1219 3363 1251 3426 id
1273 3365 1369 3445 quod·

266 3468 405 3548 opinatur
417 3461 696 3548 Schellenbergiu's,
718 3463 750 3532 in
765 3464 934 3531 Antimachi
953 3467 1144 3532 enarratione
1165 3465 1203 3529 ad
1217 3467 1357 3550 Ompha-

178 3638 185 3650 ,
265 3571 315 3634 len
337 3563 483 3633 Hercules
505 3569 676 3654 perrexerit
697 3587 809 3649 necne,
837 3570 977 3650 quoniam
1004 3569 1069 3634 eius
1091 3567 1138 3632 rei
1158 3569 1272 3636 nullrun
1294 3569 1363 3653 ha·-

264 3674 369 3768 bernus
391 3674 549 3753 indicium,
576 3666 706 3738 discerni
728 3665 848 3752 nequit,
969 3697 975 3709 ·

568 3925 570 3931 ⁴
600 3912 706 3981 axia
748 3927 826 3993 (sen.
843 3923 885 3979 ao.
903 3923 934 3978 n.
952 3926 1011 3992 se.)
1095 3964 1097 3972 ,

220 4121 223 4127 s
351 4076 409 4162 Ap.
433 4083 487 4146 Ru.
512 4085 547 4164 ll,
573 4083 819 4182 l784Phineum,
843 4079 1024 4166 Salmydessi
1045 4101 1167 4164 regem,
1195 4079 1351 4164 Agenoris
