2898 4868
669 439 934 510 „⁷2..

260 632 389 698 difficile.
433 631 531 698 Sobel.
555 629 657 711 Eurip.
681 627 857 709 corrigimus
879 621 1085 705 erilesyehii
1107 620 1209 685 uerbis
1234 639 1349 706 cumop-

259 728 336 812 τύς·
356 731 567 856 ταλαιπωρία,
591 729 720 810 πένθος,
744 731 800 792 sic:
823 723 1035 812 ταλαίπωρος
1046 715 1135 811 παρα
1156 747 1227 808 την
1233 741 1348 808 παρη·

258 863 330 917 τον,
353 829 372 903 ὃ
373 833 488 923 δηλοῖ
507 858 545 900 το
536 828 706 909 πένθος.
742 833 808 896 Ηοο
829 831 990 895 constituto
1013 829 1043 890 in
1066 827 1167 911 Sohol
1187 827 1346 907 Aristoph.

260 938 436 1006 scribimus,
458 936 660 1057 ταλαίπωρος
682 933 718 1000 dd
739 957 827 1054 παρα
847 926 893 997 cd
912 929 1025 1017 τλῆναι
1053 923 1110 1015 τήν
1137 923 1300 1016 mmpprda,
1328 922 1351 994 d

260 1041 328 1108 ἐστι
354 1039 506 1116 πένθος·
529 1031 580 1104 ὅτι
607 1035 643 1102 δὲ
671 1029 818 1125 πωρριιῖς
848 1029 909 1100 cd
905 1030 1082 1108 πένθος
1064 1031 1144 1110 εστὶ,
1182 1030 1234 1106 καὶ
1264 1023 1348 1099 idm.

259 1165 406 1270 ‹ppos-2
401 1153 461 1207 ·et
482 1145 513 1206 in
536 1142 640 1208 suida:
663 1139 866 1232 ταλαίπωρος
887 1129 905 1202 ὁ
927 1129 1060 1213 ἄθλιος,
1082 1127 1171 1254 παραὶ
1192 1156 1231 1200 το
1222 1127 1351 1210 ταλας

258 1247 310 1320 καὶ
324 1240 381 1334 τῆν
401 1239 558 1335 mmppcdv,
581 1237 689 1309 ὅέστι
704 1234 814 1340 πάθος
838 1244 921 1317 (sive
943 1236 1095 1314 πένθος)·
1119 1258 1169 1303 οτι
1180 1235 1216 1302 de
1237 1261 1348 1324 πωρρ

257 1344 313 1429 τῦς
334 1340 447 1426 παθος
467 1347 499 1414 τί
521 1345 605 1427 ἐστι,
627 1339 672 1414 Ἀ.
695 1365 790 1434 φησιν

269 1501 273 1508 ’
346 1506 418 1575 Sed
434 1505 491 1567 alia
517 1513 611 1568 restat
638 1504 783 1584 quaestio.
827 1499 931 1566 suidas
958 1499 989 1561 in
1015 1499 1116 1579 priore
1138 1510 1229 1560 versu
1254 1497 1349 1559 habet

258 1605 389 1686 ἔθεντο,
420 1627 508 1690 quum
536 1612 566 1670 iu
596 1606 732 1669 omnibus
753 1603 877 1684 reliquis
899 1604 1018 1683 legatur
1046 1589 1186 1677 ἕκαστος.
1232 1603 1349 1676 Quam-

261 1732 349 1794 quam
375 1713 472 1792 aliqua
503 1711 580 1770 inter
608 1727 644 1770 ea
672 1707 765 1769 verba
794 1713 840 1767 est
869 1705 1043 1782 similitudo,
1074 1724 1134 1768 uon
1162 1714 1259 1768 tamen
1289 1725 1349 1787 per

260 1833 395 1878 errorem
418 1812 568 1875 scribendi
591 1805 703 1874 ἔθεντο
718 1817 833 1871 temere
846 1809 995 1871 iuvasisse
1012 1816 1158 1889 putamus
1203 1809 1347 1871 Extrema

261 1916 429 1981 Antimachi
453 1914 545 1976 verba
568 1912 685 1976 turbata
707 1910 854 1975 videntur.
900 1913 966 1986 Qua
987 1912 1018 1972 iu
1045 1929 1080 1974 re
1102 1913 1253 1974 firmamur
1276 1914 1349 1974 Tri-

261 2020 341 2082 clinii
363 2017 465 2090 verbis
489 2016 526 2080 ad
544 2017 633 2098 Soph.
657 2016 676 2077 l.
692 2016 713 2078 l.
735 2016 840 2076 mirum
862 2022 1001 2094 mantum
1022 2014 1207 2096 depravatis:
1236 2014 1349 2079 ταλαι-

261 2121 378 2207 πωρεῖν
399 2117 435 2186 δὲ
456 2116 509 2184 καὶ
529 2112 567 2184 ad
583 2121 715 2184 πενθεῖν
737 2114 769 2182 οἱ
778 2109 897 2182 Ἠλεῖοί
918 2137 1010 2201 φασι,
1033 2107 1077 2192 ὠς
1091 2115 1347 2199 Καλλίμαχος.

374 2327 391 2334 .,
405 2261 710 2352 ταλαιπωρείτην
732 2252 910 2342 οἷλὸχοιοι
930 2259 991 2327 καὶ
1013 2251 1072 2339 οἷς
1093 2261 1293 2328 τεκέεσσιν.

212 2447 219 2461 .
259 2396 312 2459 llis
335 2397 365 2457 in
387 2396 503 2473 verbis,
535 2413 610 2475 quae
641 2395 790 2456 fluxerunt
820 2412 859 2454 ex
886 2392 984 2457 Schol.
1010 2393 1101 2473 Soph.
1131 2412 1221 2475 supra
1244 2395 1349 2472 allato,

259 2498 472 2586 ταλαιπωρεῖν
495 2506 525 2561 el
546 2494 797 2584 ταλαιπωρεέτην
820 2516 859 2559 ex
874 2518 901 2559 v.
925 2493 1135 2583 ταλαίπωρος,
1158 2497 1237 2577 quod
1252 2517 1349 2577 prae-

151 2583 157 2632 f
259 2602 389 2682 positum
409 2601 472 2677 luit,
495 2601 630 2681 proseuta
651 2609 728 2663 sunt.
774 2601 877 2665 Scribe
899 2599 1016 2688 πορεῖν
1038 2595 1074 2663 δὲ
1094 2597 1146 2670 καὶ
1161 2592 1198 2664 τὸ
1213 2605 1349 2668 πενθεῖν
1417 2667 1418 2674 ,

260 2693 443 2768 οῐ·“Ι-1λεῖοι’
476 2721 566 2789 φασι,
594 2700 646 2768 καὶ
675 2693 913 2784 Ἀντίμαχος·
936 2693 1106 2790 πωρητύν
1135 2722 1203 2786 sqq.
1251 2703 1349 2768 Calli-

259 2806 356 2870 machi
376 2825 494 2868 momen
527 2811 621 2888 saepe
655 2805 824 2870 Antimaobi
857 2806 955 2868 locum
987 2807 1154 2888 occupavit.
1206 2806 1349 2871 clausula
1417 2837 1418 2906 3

260 2918 359 3000 autem
381 2927 488 2973 versus
512 2909 610 2986 deest,
634 2909 712 2971 unde
729 2916 900 2988 corruptam
922 2927 989 2970 eam
1008 2916 1038 2970 ct
1054 2911 1084 2994 iu
1103 2908 1168 2970 aliis
1191 2910 1266 2972 locis
1287 2913 1350 2976 ali-
1417 2927 1418 2940 *

259 3021 307 3074 ter
336 3014 478 3093 scriptam
509 3011 601 3073 luisse
630 3012 701 3073 licet
729 3011 918 3074 concludere.
963 3012 1066 3093 ltaque
1094 3021 1250 3095 utramque
1279 3015 1349 3078 lec-

202 3103 206 3110 ’
257 3116 388 3190 tionem,
412 3133 489 3194 quae
511 3115 542 3175 in
564 3113 691 3179 Scholiis
708 3109 802 3197 “supra
827 3114 922 3176 allatis
945 3123 1154 3194 conservatur,
1182 3119 1349 3199 coniungi·
1417 3107 1418 3124 ἦ

258 3234 323 3278 mus
346 3219 405 3280 sic:
475 3241 478 3247 ⁴
504 3239 506 3246 ¹

316 3363 544 3458 Πωρητύν
571 3354 767 3454 αλόχοιοι
779 3371 839 3438 καὶ
868 3363 929 3447 οἷς
956 3367 1152 3436 τεκέεσσιν
1185 3370 1349 3450 ἕκαστος

363 3471 498 3539 Θὲντο.·

259 3601 341 3664 ldem
364 3603 472 3667 iecisse
497 3606 530 3670 G.
546 3605 731 3668 Dindorlmm
753 3603 791 3666 ad
814 3602 925 3669 Scholl.
947 3603 1100 3684 Aristoph.
1119 3623 1179 3668 nou
1195 3605 1260 3667 sine
1276 3605 1348 3667 lae-

197 3719 204 3728 ·
258 3706 321 3768 titia
342 3706 480 3772 uidimus.
502 3711 504 3714 ’
524 3709 660 3790 Apparet
680 3709 770 3786 igitur
792 3724 880 3766 uuum
911 3704 1098 3786 eumdemque
1122 3725 1190 3770 osse
1210 3725 1347 3789 versum,
1417 3719 1418 3788 ζ

258 3809 418 3888 paullulum
433 3819 554 3874 tantum
576 3810 718 3870 vitiatum.
763 3806 868 3870 Suidas
882 3815 984 3868 autem
1006 3810 1146 3888 quoniam
1171 3829 1210 3872 ex
1238 3811 1348 3873 diver-
1417 3825 1418 3842 ¹

258 3910 300 3972 sis
323 3912 396 3975 locis
419 3913 557 3992 sumpsit,
582 3909 709 3994 eundem
729 3910 947 3971 vcrsumvario
962 3910 1053 3988 modo
1071 3913 1201 3993 scripsit.
1227 3943 1262 3954 -
1295 3913 1348 3976 hd

258 4011 442 4079 Thebaidem
471 4010 629 4074 referimus
637 4033 645 4088 ;
687 4010 796 4072 dictum
831 4017 878 4072 est
909 4014 1005 4074 euim„
1025 4013 1063 4075 de
1095 4014 1254 4092 heroibus,
1294 4019 1348 4096 qui

258 4123 354 4178 morte
377 4132 430 4176 sua
458 4113 635 4196 coniugibus
663 4121 693 4176 et
714 4112 818 4176 liberis
849 4109 1045 4199 calamitatem
1068 4115 1261 4201 etdblorem
1282 4137 1349 4181 ex..

256 4217 398 4308 oilardnt3
421 4214 458 4277 cf.
480 4217 565 4279 llom.
582 4217 614 4278 ll.
632 4217 722 4292 XVll,
745 4213 795 4276 36.
891 4250 904 4259 =·
961 4247 964 4254 ·
