2936 4908
124 598 293 664 Antimacbi
326 601 459 664 cannma
496 599 668 682 subigeret,
703 615 776 664 seso
809 598 996 664 cohortatum
1027 615 1107 664 esse.
1159 593 1211 660 Eis

124 703 343 768 narrationibus
377 711 517 783 quantum
558 699 747 766 tribuendum
783 704 820 768 sit
862 702 1034 766 doctissime
1071 699 1212 782 exposuit

124 797 320 884 Welclserus,
343 806 379 870 P.
403 803 458 884 Ch,
481 807 512 872 in
533 806 617 887 Epio.
642 803 736 886 Cyclo
761 823 792 888 p.
818 805 879 868 105
904 822 970 884 sqq.
1015 803 1112 878 Quum
1133 803 1211 866 cuim

124 915 250 972 veteres
278 915 396 972 constet
418 908 564 974 eiusmodi
594 909 711 978 fabellis
737 919 768 975 et
797 906 1057 990 apophthegmatis
1082 923 1212 987 magno-

123 1028 200 1090 pore
229 1007 395 1080 delectatas
420 1025 490 1074 esse
518 1019 549 1074 at
575 1015 683 1080 multas
707 1014 836 1080 diversis
866 1030 906 1076 ex
938 1010 1036 1074 causis
1062 1007 1101 1072 de
1124 1007 1213 1070 claris

125 1113 199 1176 viris
222 1113 347 1178 finxisse
376 1131 428 1178 res
451 1117 689 1197 commenticias,
719 1117 823 1184 fidenti
848 1115 945 1176 animo
968 1111 1112 1174 historiae
1139 1127 1214 1170 auc-

123 1215 276 1278 toritatem
307 1216 353 1278 eis
390 1215 582 1278 attribuamus
621 1219 709 1284 valde
744 1215 910 1282 cavendum
941 1221 998 1278 est.
1050 1213 1214 1285 Platonem,

124 1333 218 1395 quum
240 1313 398 1388 Choerilus
422 1317 472 1380 illo
495 1323 782 1398 temporemaximo
810 1319 977 1382 inhonore
999 1323 1096 1391 esset,
1123 1313 1214 1376 Anti-

127 1417 226 1482 madri
244 1419 375 1482 caruitne
397 1435 471 1499 prae
493 1419 572 1484 illius
594 1425 681 1502 poesi
702 1422 853 1498 laudasse,
875 1420 947 1496 hoo,
974 1417 1105 1480 Platonis
1126 1417 1215 1478 animi

126 1519 304 1599 ingentique
328 1519 458 1584 indolem
481 1524 507 1584 si
522 1523 758 1602 consideramus,
781 1524 938 1605 quominus
960 1527 993 1582 ut
1007 1517 1079 1582 satis
1102 1524 1222 1583 ceruum.

125 1639 164 1684 ac
185 1637 291 1684 verum
316 1623 513 1702 accipiamus,
536 1624 608 1688 nihil
630 1643 686 1688 nos
704 1626 838 1708 impedit.
881 1623 956 1686 Nam
979 1639 1067 1703 quum
1089 1621 1122 1682 in
1135 1619 1215 1682 Gur-

125 1725 185 1806 gia⁸
205 1721 242 1786 et
263 1723 435 1788 llenexeno
459 1733 612 1805 oratoreS,
643 1729 692 1809 qui
717 1729 798 1792 nimii
819 1734 905 1790 erant
930 1727 961 1788 in
987 1725 1094 1787 civium
1116 1721 1215 1785 laudi-

122 1826 198 1903 bus,
236 1824 454 1907 vituperaverit
481 1829 581 1907 Plato,
614 1829 693 1894 idem
730 1837 855 1912 poetas,
891 1829 1019 1908 quires
1050 1845 1068 1890 a
1099 1824 1215 1890 ciuibus

128 1927 287 2010 praeclare
308 1936 414 2010 gestas
431 1930 566 1996 laudibus
593 1933 723 1998 eilenmt
745 1925 909 2013 eorumque
936 1931 1051 1993 animos
1073 1928 1112 1992 ad
1126 1928 1216 1990 vani-

123 2039 216 2096 tatem
243 2033 347 2096 intlant
369 2041 458 2118 atque
479 2036 664 2118 superbiam,
686 2044 771 2100 certe
793 2055 854 2100 non
873 2033 1089 2116 comprobavit
1118 2032 1216 2105 Quum

122 2153 200 2198 vero
223 2133 383 2199 Choerilus
412 2139 443 2200 in
468 2138 613 2202 Perseida
640 2157 696 2204 sua
719 2157 771 2204 res
801 2140 839 2205 ab
872 2135 1107 2204 Atheniensibus
1134 2133 1215 2200 bello

125 2239 250 2304 Persico
272 2248 376 2322 gestas
403 2242 486 2304 miris
516 2242 651 2307 laudibus
674 2244 896 2326 praedicasset,
929 2241 1058 2304 maxime
1087 2236 1214 2302 Athenis

123 2342 290 2406 honoratus
320 2351 351 2406 et
377 2352 499 2408 ornatus
526 2355 587 2420 est;
626 2345 822 2410 Antimachus
853 2351 972 2420 eontra,
1003 2342 1054 2420 qui
1079 2357 1096 2400 a
1123 2337 1215 2401 rebus

124 2446 174 2510 sui
196 2448 340 2527 temporis
364 2447 412 2510 vel
436 2447 525 2510 modo
552 2449 625 2510 actis
653 2457 786 2512 remotus
809 2447 847 2508 ad
876 2442 1097 2524 antiquissimas
1126 2440 1216 2504 rediit

121 2548 246 2612 tabulas
267 2557 296 2611 et
318 2569 384 2612 cum
402 2549 537 2614 doctrina
558 2551 780 2627 eas‘tractavit
803 2548 915 2630 populo
938 2546 1058 2628 quidem
1074 2543 1214 2626 frigebat,
1263 2551 1271 2560 '

122 2671 141 2716 a
175 2650 271 2715 doctis
301 2661 399 2716 autem
425 2655 500 2716 uiris
531 2655 632 2736 magni
659 2661 777 2735 poterat
804 2652 964 2716 aestimari.
1014 2649 1096 2714 lllam
1124 2649 1215 2728 igitur

127 2757 307 2820 sententiam
329 2755 367 2820 de
388 2757 568 2821 Antimacho
587 2765 679 2838 poeta
707 2755 849 2820 Choerilo
873 2754 1084 2836 praestantiori
1106 2765 1216 2814 revera
1294 2767 1298 2774 ·

126 2857 291 2927 aPlatone
313 2859 402 2922 latam
422 2877 492 2924 esse
520 2861 733 2926 existimamus.
777 2859 885 2920 Postea
915 2873 1005 2935 quum
1025 2860 1094 2916 uter
1119 2852 1215 2916 attero

125 2963 226 3042 potior
249 2971 350 3040 esset,
374 2960 531 3028 Choerilus
560 2981 597 3024 an
616 2963 826 3039 Antimachus,
849 2957 1056 3023 Alexandrino
1077 2963 1214 3036 tempore

121 3065 201 3142 inter
234 3065 317 3128 viros
343 3065 449 3128 doctos
478 3065 588 3130 acriter
616 3074 799 3142 certaretur,
835 3064 922 3126 alteri
948 3069 980 3124 ut
1006 3059 1213 3126 Antimachum

121 3185 243 3248 unaque
278 3169 432 3232 Platonem
464 3169 544 3234 bene
582 3168 620 3232 de
651 3187 688 3237 eo
721 3175 812 3250 poeta
843 3167 1022 3230 iudicantem
1053 3168 1216 3244 carperent
1297 3241 1300 3247 Ι

127 3271 234 3352 eisque
258 3271 476 3348 obtrectarent,
506 3272 592 3336 alteri
612 3279 645 3336 ut
669 3289 724 3335 sos
746 3271 944 3336 defenderent
969 3268 1019 3330 uel
1045 3265 1215 3331 Antimachi

122 3375 333 3440 auctoritatem
360 3375 491 3436 Platonis
516 3373 625 3438 iudicio
648 3383 813 3455 augerent,
849 3374 914 3436 eius
938 3371 1061 3453 generis
1089 3368 1215 3432 labellos

123 3477 285 3540 linxerunt.
330 3467 412 3543 luter
444 3477 613 3540 Antimachi
639 3478 871 3542 calumniatores
898 3483 985 3538 eram
1016 3467 1214 3535 Callimachus

121 3587 152 3642 et
174 3579 266 3644 Duris
287 3579 417 3669 Samius,
441 3581 471 3641 in
495 3597 572 3662 quos
593 3579 716 3642 Proclus
739 3579 758 3642 l.
781 3580 801 3642 l.
822 3578 981 3642 invehitur.
1024 3575 1072 3636 Ex
1088 3570 1213 3647 Dauido,

120 3683 275 3764 scriptore
297 3683 375 3752 baud
397 3702 525 3766 maguae
552 3683 623 3749 fidei
645 3691 677 3745 et
699 3683 904 3759 auctoritatis,
930 3677 1118 3742 Plutarchum
1139 3691 1213 3734 nar-

118 3788 271 3852 rab'ttuam
293 3786 372 3850 illam
405 3786 443 3850 de
468 3786 637 3852 Antimachi
664 3795 696 3852 et
726 3786 858 3851 Nicerati
887 3781 1049 3845 certamine
1073 3776 1213 3840 hausisse

31 3963 37 3984 ‚
121 3889 304 3954 Welclrerus
329 3896 427 3976 putat,
451 3892 606 3956 conteram
625 3889 662 3952 ad
684 3889 854 3970 carpendos
874 3894 904 3946 et
922 3884 1076 3946 Platonem
1097 3888 1127 3944 et
1144 3881 1213 3944 An-

122 3991 294 4058 timachum.
338 3991 414 4058 Nam
434 3993 588 4058 Platonem
605 3993 780 4075 Lysuudriis
804 3991 834 4054 in
858 3987 971 4068 patriae
992 4003 1066 4050 suae
1089 3984 1212 4048 victoris

118 4097 269 4158 honorem
293 4096 454 4158 celebratis
482 4097 669 4172 interfuisse,
701 4111 814 4156 summo
845 4091 902 4152 hoc
927 4087 1030 4153 siluit
1054 4087 1211 4160 dedecori3

121 4217 223 4278 raeque
247 4219 265 4264 a
291 4199 449 4269 Nicerato,
479 4207 567 4278 postu
594 4198 717 4280 ignobili
742 4205 772 4258 et
800 4193 944 4272 obscuro,
983 4213 1020 4262 eo
1039 4193 1107 4274 ipso
1133 4198 1211 4254 tem-
