<?xml version="1.0" encoding="UTF-8"?>
<!DOCTYPE html PUBLIC "-//W3C//DTD XHTML 1.0 Transitional//EN"
    "http://www.w3.org/TR/xhtml1/DTD/xhtml1-transitional.dtd">
<html xmlns="http://www.w3.org/1999/xhtml" xml:lang="en" lang="en">
 <head>
  <title>
</title>
<meta http-equiv="Content-Type" content="text/html;charset=utf-8" />
  <meta name='ocr-system' content='tesseract 3.04.00' />
  <meta name='ocr-capabilities' content='ocr_page ocr_carea ocr_par ocr_line ocrx_word'/>
</head>
<body>
  <div class='ocr_page' id='page_1' title='image "antimachicoloph01antigoog_0091.png"; bbox 0 0 2898 4868; ppageno 0'>
   <div class='ocr_carea' id='block_1_1' title="bbox 711 355 980 420">
    <p class='ocr_par' dir='ltr' id='par_1_1' title="bbox 711 355 980 420">
     <span class='ocr_line' id='line_1_1' title="bbox 711 355 980 420; baseline -0.011 -24"><span class='ocrx_word' id='word_1_1' title='bbox 711 387 751 396; x_wconf 90' lang='lat'>....</span> <span class='ocrx_word' id='word_1_2' title='bbox 818 355 906 420; x_wconf 63' lang='lat' dir='ltr'>&#39;m</span> <span class='ocrx_word' id='word_1_3' title='bbox 941 387 980 400; x_wconf 69' lang='lat'>„.</span> 
     </span>
    </p>
   </div>
   <div class='ocr_carea' id='block_1_2' title="bbox 221 532 1401 2156">
    <p class='ocr_par' dir='ltr' id='par_1_2' title="bbox 221 532 1401 2156">
     <span class='ocr_line' id='line_1_2' title="bbox 302 532 1399 627; baseline -0.003 -20"><span class='ocrx_word' id='word_1_4' title='bbox 302 533 398 607; x_wconf 70' lang='grc' dir='ltr'>ἀλλὰ</span> <span class='ocrx_word' id='word_1_5' title='bbox 428 533 492 606; x_wconf 75' lang='lat' dir='ltr'>cdv</span> <span class='ocrx_word' id='word_1_6' title='bbox 517 532 701 627; x_wconf 78' lang='grc' dir='ltr'><em>ἆκίνηνον.</em></span> <span class='ocrx_word' id='word_1_7' title='bbox 753 542 940 606; x_wconf 85' lang='lat' dir='ltr'>Grammatici</span> <span class='ocrx_word' id='word_1_8' title='bbox 967 541 1199 624; x_wconf 79' lang='lat' dir='ltr'>explicationem</span> <span class='ocrx_word' id='word_1_9' title='bbox 1227 542 1399 605; x_wconf 81' lang='lat' dir='ltr'>verborum</span> 
     </span>
     <span class='ocr_line' id='line_1_3' title="bbox 303 643 1401 728; baseline -0.001 -22"><span class='ocrx_word' id='word_1_10' title='bbox 303 643 567 728; x_wconf 78' lang='lat' dir='ltr'>Antimacheorum</span> <span class='ocrx_word' id='word_1_11' title='bbox 589 645 761 706; x_wconf 89' lang='lat' dir='ltr'>reiiclentes</span> <span class='ocrx_word' id='word_1_12' title='bbox 783 663 847 706; x_wconf 89' lang='lat' dir='ltr'>rem</span> <span class='ocrx_word' id='word_1_13' title='bbox 870 644 927 706; x_wconf 91' lang='lat' dir='ltr'>alia</span> <span class='ocrx_word' id='word_1_14' title='bbox 949 644 1039 725; x_wconf 85' lang='lat' dir='ltr'>plane</span> <span class='ocrx_word' id='word_1_15' title='bbox 1060 645 1178 708; x_wconf 84' lang='lat' dir='ltr'>ratione</span> <span class='ocrx_word' id='word_1_16' title='bbox 1200 643 1401 728; x_wconf 81' lang='lat' dir='ltr'>expedimus.=</span> 
     </span>
     <span class='ocr_line' id='line_1_4' title="bbox 302 737 1395 834; baseline 0 -25"><span class='ocrx_word' id='word_1_17' title='bbox 302 744 346 809; x_wconf 88' lang='lat' dir='ltr'>Cl.</span> <span class='ocrx_word' id='word_1_18' title='bbox 371 742 508 809; x_wconf 89' lang='lat' dir='ltr'>adhunc</span> <span class='ocrx_word' id='word_1_19' title='bbox 530 747 628 809; x_wconf 91' lang='lat' dir='ltr'>locum</span> <span class='ocrx_word' id='word_1_20' title='bbox 651 746 742 827; x_wconf 88' lang='lat' dir='ltr'>Soph.</span> <span class='ocrx_word' id='word_1_21' title='bbox 773 746 858 809; x_wconf 80' lang='lat' dir='ltr'>Aiac.</span> <span class='ocrx_word' id='word_1_22' title='bbox 887 745 959 810; x_wconf 70' lang='lat'><strong>249.</strong></span> <span class='ocrx_word' id='word_1_23' title='bbox 986 737 1009 833; x_wconf 79' lang='grc' dir='ltr'><em>ἢ</em></span> <span class='ocrx_word' id='word_1_24' title='bbox 1032 737 1113 811; x_wconf 70' lang='lat' dir='ltr'>cclv</span> <span class='ocrx_word' id='word_1_25' title='bbox 1134 742 1272 834; x_wconf 71' lang='grc' dir='ltr'><strong><em>εἰρεσίας</em></strong></span> <span class='ocrx_word' id='word_1_26' title='bbox 1293 738 1395 830; x_wconf 75' lang='grc' dir='ltr'><em>ζυγὸν</em></span> 
     </span>
     <span class='ocr_line' id='line_1_5' title="bbox 301 834 1393 930; baseline 0 -20"><span class='ocrx_word' id='word_1_27' title='bbox 301 837 457 929; x_wconf 75' lang='grc' dir='ltr'><em>ἑζόμενον,</em></span> <span class='ocrx_word' id='word_1_28' title='bbox 480 867 557 930; x_wconf 88' lang='lat' dir='ltr'>quae</span> <span class='ocrx_word' id='word_1_29' title='bbox 580 846 617 909; x_wconf 94' lang='lat' dir='ltr'>ad</span> <span class='ocrx_word' id='word_1_30' title='bbox 632 848 725 910; x_wconf 89' lang='lat' dir='ltr'>verba</span> <span class='ocrx_word' id='word_1_31' title='bbox 739 834 909 910; x_wconf 85' lang='lat' dir='ltr'>Lobeckius</span> <span class='ocrx_word' id='word_1_32' title='bbox 931 848 1027 911; x_wconf 88' lang='lat' dir='ltr'>attulit</span> <span class='ocrx_word' id='word_1_33' title='bbox 1041 848 1174 912; x_wconf 83' lang='lat' dir='ltr'>Eustath.</span> <span class='ocrx_word' id='word_1_34' title='bbox 1184 919 1187 924; x_wconf 53' lang='grc'>,</span> <span class='ocrx_word' id='word_1_35' title='bbox 1198 869 1227 930; x_wconf 89' lang='lat' dir='ltr'>p.</span> <span class='ocrx_word' id='word_1_36' title='bbox 1246 848 1323 926; x_wconf 83' lang='lat'>828,</span> <span class='ocrx_word' id='word_1_37' title='bbox 1338 847 1393 910; x_wconf 86' lang='grc'>38.</span> 
     </span>
     <span class='ocr_line' id='line_1_6' title="bbox 302 941 1393 1036; baseline 0 -23"><span class='ocrx_word' id='word_1_38' title='bbox 302 942 385 1024; x_wconf 72' lang='grc' dir='ltr'><em>θοός</em></span> <span class='ocrx_word' id='word_1_39' title='bbox 406 942 500 1033; x_wconf 77' lang='grc' dir='ltr'><em>ζυγὸς</em></span> <span class='ocrx_word' id='word_1_40' title='bbox 525 941 615 1035; x_wconf 68' lang='lat' dir='ltr'>mccc}</span> <span class='ocrx_word' id='word_1_41' title='bbox 644 949 803 1036; x_wconf 80' lang='grc' dir='ltr'><strong><em>Σοφοκλεῖ</em></strong></span> <span class='ocrx_word' id='word_1_42' title='bbox 828 941 846 1013; x_wconf 86' lang='grc' dir='ltr'>ὁ</span> <span class='ocrx_word' id='word_1_43' title='bbox 868 943 912 1036; x_wconf 74' lang='grc' dir='ltr'><em>μή</em></span> <span class='ocrx_word' id='word_1_44' title='bbox 942 941 1039 1026; x_wconf 71' lang='grc' dir='ltr'><strong><em>αὐτὸς</em></strong></span> <span class='ocrx_word' id='word_1_45' title='bbox 1065 943 1109 1014; x_wconf 75' lang='grc' dir='ltr'>ὢν</span> <span class='ocrx_word' id='word_1_46' title='bbox 1133 943 1246 1030; x_wconf 65' lang='lat' dir='ltr'>noxale,</span> <span class='ocrx_word' id='word_1_47' title='bbox 1277 941 1393 1015; x_wconf 67' lang='lat' dir='ltr'>dll&#39;o</span> 
     </span>
     <span class='ocr_line' id='line_1_7' title="bbox 302 1043 1392 1138; baseline 0 -24"><span class='ocrx_word' id='word_1_48' title='bbox 302 1050 405 1126; x_wconf 74' lang='grc' dir='ltr'><strong><em>αἴτιος</em></strong></span> <span class='ocrx_word' id='word_1_49' title='bbox 425 1051 484 1116; x_wconf 80' lang='grc' dir='ltr'>τοῦ</span> <span class='ocrx_word' id='word_1_50' title='bbox 505 1043 760 1131; x_wconf 73' lang='grc' dir='ltr'><em>ἐπιταχύνασθαι</em></span> <span class='ocrx_word' id='word_1_51' title='bbox 781 1052 842 1137; x_wconf 80' lang='grc' dir='ltr'>νῆα</span> <span class='ocrx_word' id='word_1_52' title='bbox 858 1044 1075 1138; x_wconf 76' lang='grc' dir='ltr'><strong><em>κωπηλάταις,</em></strong></span> <span class='ocrx_word' id='word_1_53' title='bbox 1098 1061 1128 1116; x_wconf 89' lang='lat' dir='ltr'>et</span> <span class='ocrx_word' id='word_1_54' title='bbox 1151 1055 1208 1116; x_wconf 87' lang='lat' dir='ltr'>alia</span> <span class='ocrx_word' id='word_1_55' title='bbox 1231 1061 1392 1136; x_wconf 87' lang='lat' dir='ltr'>poetarum</span> 
     </span>
     <span class='ocr_line' id='line_1_8' title="bbox 221 1147 1392 1236; baseline 0.003 -21"><span class='ocrx_word' id='word_1_56' title='bbox 221 1179 223 1186; x_wconf 58' lang='lat'><strong><em>¹</em></strong></span> <span class='ocrx_word' id='word_1_57' title='bbox 301 1155 450 1234; x_wconf 87' lang='lat' dir='ltr'>exempla.</span> <span class='ocrx_word' id='word_1_58' title='bbox 495 1154 562 1216; x_wconf 86' lang='lat' dir='ltr'>Pari</span> <span class='ocrx_word' id='word_1_59' title='bbox 584 1157 749 1234; x_wconf 72' lang='lat' dir='ltr'>enumeris,</span> <span class='ocrx_word' id='word_1_60' title='bbox 773 1174 850 1236; x_wconf 90' lang='lat' dir='ltr'>quae</span> <span class='ocrx_word' id='word_1_61' title='bbox 869 1156 986 1235; x_wconf 84' lang='lat' dir='ltr'>dicitur,</span> <span class='ocrx_word' id='word_1_62' title='bbox 1010 1155 1228 1229; x_wconf 85' lang='lat' dir='ltr'>inAntimaohi</span> <span class='ocrx_word' id='word_1_63' title='bbox 1250 1156 1287 1219; x_wconf 82' lang='lat' dir='ltr'>fr.</span> <span class='ocrx_word' id='word_1_64' title='bbox 1305 1147 1392 1230; x_wconf 43' lang='lat' dir='ltr'>coda·</span> 
     </span>
     <span class='ocr_line' id='line_1_9' title="bbox 302 1245 1388 1340; baseline 0.001 -22"><span class='ocrx_word' id='word_1_65' title='bbox 302 1255 339 1318; x_wconf 88' lang='lat' dir='ltr'>ad</span> <span class='ocrx_word' id='word_1_66' title='bbox 359 1245 468 1337; x_wconf 76' lang='grc' dir='ltr'><em>δόμον,</em></span> <span class='ocrx_word' id='word_1_67' title='bbox 496 1257 576 1318; x_wconf 89' lang='lat' dir='ltr'>unde</span> <span class='ocrx_word' id='word_1_68' title='bbox 602 1266 699 1320; x_wconf 91' lang='lat' dir='ltr'>motus</span> <span class='ocrx_word' id='word_1_69' title='bbox 730 1259 763 1321; x_wconf 87' lang='lat' dir='ltr'>fit</span> <span class='ocrx_word' id='word_1_70' title='bbox 792 1260 921 1338; x_wconf 89' lang='lat' dir='ltr'>initium,</span> <span class='ocrx_word' id='word_1_71' title='bbox 955 1258 1085 1323; x_wconf 86' lang='lat' dir='ltr'>additum</span> <span class='ocrx_word' id='word_1_72' title='bbox 1115 1267 1162 1320; x_wconf 88' lang='lat' dir='ltr'>est</span> <span class='ocrx_word' id='word_1_73' title='bbox 1190 1276 1246 1339; x_wconf 90' lang='lat' dir='ltr'>pro</span> <span class='ocrx_word' id='word_1_74' title='bbox 1269 1259 1388 1340; x_wconf 85' lang='lat' dir='ltr'>vulgari</span> 
     </span>
     <span class='ocr_line' id='line_1_10' title="bbox 301 1351 1386 1447; baseline 0.001 -27"><span class='ocrx_word' id='word_1_75' title='bbox 301 1359 430 1422; x_wconf 75' lang='lat' dir='ltr'>dictione</span> <span class='ocrx_word' id='word_1_76' title='bbox 453 1355 689 1447; x_wconf 79' lang='grc' dir='ltr'><strong><em>ἐκπρολιποῦσα</em></strong></span> <span class='ocrx_word' id='word_1_77' title='bbox 709 1351 976 1444; x_wconf 30' lang='grc' dir='ltr'>θοῶςιδόμονκ-</span> <span class='ocrx_word' id='word_1_78' title='bbox 1003 1361 1107 1442; x_wconf 88' lang='lat' dir='ltr'>Nuper</span> <span class='ocrx_word' id='word_1_79' title='bbox 1118 1360 1289 1424; x_wconf 88' lang='lat' dir='ltr'>Lobeckius</span> <span class='ocrx_word' id='word_1_80' title='bbox 1305 1361 1386 1424; x_wconf 76' lang='lat' dir='ltr'>Actt.</span> 
     </span>
     <span class='ocr_line' id='line_1_11' title="bbox 301 1462 1386 1548; baseline -0.002 -22"><span class='ocrx_word' id='word_1_81' title='bbox 301 1463 410 1526; x_wconf 91' lang='lat' dir='ltr'>Societ.</span> <span class='ocrx_word' id='word_1_82' title='bbox 439 1462 490 1526; x_wconf 85' lang='lat' dir='ltr'>Gr.</span> <span class='ocrx_word' id='word_1_83' title='bbox 513 1462 550 1540; x_wconf 87' lang='lat' dir='ltr'>Il,</span> <span class='ocrx_word' id='word_1_84' title='bbox 579 1483 608 1544; x_wconf 88' lang='lat' dir='ltr'>p.</span> <span class='ocrx_word' id='word_1_85' title='bbox 629 1462 702 1525; x_wconf 84' lang='lat'>313.</span> <span class='ocrx_word' id='word_1_86' title='bbox 730 1463 806 1526; x_wconf 91' lang='lat' dir='ltr'>haec</span> <span class='ocrx_word' id='word_1_87' title='bbox 828 1465 867 1526; x_wconf 89' lang='lat' dir='ltr'>de</span> <span class='ocrx_word' id='word_1_88' title='bbox 889 1464 1038 1526; x_wconf 90' lang='lat' dir='ltr'>hocloco</span> <span class='ocrx_word' id='word_1_89' title='bbox 1065 1465 1201 1548; x_wconf 80' lang='lat' dir='ltr'>scripsit:</span> <span class='ocrx_word' id='word_1_90' title='bbox 1233 1463 1289 1541; x_wconf 84' lang='lat' dir='ltr'>„In</span> <span class='ocrx_word' id='word_1_91' title='bbox 1317 1464 1386 1524; x_wconf 85' lang='lat' dir='ltr'>An-</span> 
     </span>
     <span class='ocr_line' id='line_1_12' title="bbox 300 1560 1387 1646; baseline 0.001 -21"><span class='ocrx_word' id='word_1_92' title='bbox 300 1565 422 1626; x_wconf 90' lang='lat' dir='ltr'>timachi</span> <span class='ocrx_word' id='word_1_93' title='bbox 455 1583 549 1626; x_wconf 86' lang='lat' dir='ltr'>versu</span> <span class='ocrx_word' id='word_1_94' title='bbox 586 1564 764 1627; x_wconf 84' lang='lat' dir='ltr'>adiectivum</span> <span class='ocrx_word' id='word_1_95' title='bbox 807 1584 906 1646; x_wconf 91' lang='lat' dir='ltr'>neque</span> <span class='ocrx_word' id='word_1_96' title='bbox 940 1567 1059 1646; x_wconf 79' lang='lat' dir='ltr'>nigrum</span> <span class='ocrx_word' id='word_1_97' title='bbox 1096 1566 1263 1646; x_wconf 69' lang='lat' dir='ltr'>signilicat⁴</span> <span class='ocrx_word' id='word_1_98' title='bbox 1287 1560 1387 1646; x_wconf 83' lang='lat' dir='ltr'>neque</span> 
     </span>
     <span class='ocr_line' id='line_1_13' title="bbox 300 1665 1388 1748; baseline 0.001 -21"><span class='ocrx_word' id='word_1_99' title='bbox 300 1666 491 1743; x_wconf 85' lang='lat' dir='ltr'>immobilem,</span> <span class='ocrx_word' id='word_1_100' title='bbox 515 1666 570 1728; x_wconf 88' lang='lat' dir='ltr'>sed</span> <span class='ocrx_word' id='word_1_101' title='bbox 593 1665 737 1744; x_wconf 83' lang='lat' dir='ltr'>celerem,</span> <span class='ocrx_word' id='word_1_102' title='bbox 759 1667 789 1728; x_wconf 86' lang='lat' dir='ltr'>lr.</span> <span class='ocrx_word' id='word_1_103' title='bbox 809 1686 836 1729; x_wconf 89' lang='lat' dir='ltr'>e.</span> <span class='ocrx_word' id='word_1_104' title='bbox 860 1686 949 1747; x_wconf 87' lang='lat' dir='ltr'>quem</span> <span class='ocrx_word' id='word_1_105' title='bbox 964 1666 1014 1729; x_wconf 90' lang='lat' dir='ltr'>illa</span> <span class='ocrx_word' id='word_1_106' title='bbox 1033 1668 1174 1730; x_wconf 87' lang='lat' dir='ltr'>celeriter</span> <span class='ocrx_word' id='word_1_107' title='bbox 1195 1668 1331 1748; x_wconf 84' lang='lat' dir='ltr'>reliquit,</span> <span class='ocrx_word' id='word_1_108' title='bbox 1356 1676 1388 1728; x_wconf 91' lang='lat' dir='ltr'>ut</span> 
     </span>
     <span class='ocr_line' id='line_1_14' title="bbox 302 1767 1386 1852; baseline 0.002 -22"><span class='ocrx_word' id='word_1_109' title='bbox 302 1768 421 1830; x_wconf 80' lang='lat' dir='ltr'>Tacitus</span> <span class='ocrx_word' id='word_1_110' title='bbox 447 1768 521 1830; x_wconf 90' lang='lat' dir='ltr'>dixit</span> <span class='ocrx_word' id='word_1_111' title='bbox 543 1768 621 1831; x_wconf 79' lang='lat' dir='ltr'>Ann.</span> <span class='ocrx_word' id='word_1_112' title='bbox 650 1767 699 1846; x_wconf 88' lang='lat' dir='ltr'>lll,</span> <span class='ocrx_word' id='word_1_113' title='bbox 724 1768 752 1830; x_wconf 92' lang='lat' dir='ltr'>l.</span> <span class='ocrx_word' id='word_1_114' title='bbox 794 1769 1032 1832; x_wconf 85' lang='lat' dir='ltr'>Brundusium</span> <span class='ocrx_word' id='word_1_115' title='bbox 1053 1771 1246 1852; x_wconf 84' lang='lat' dir='ltr'>naviganti</span> <span class='ocrx_word' id='word_1_116' title='bbox 1269 1770 1386 1832; x_wconf 87' lang='lat' dir='ltr'>celer-</span> 
     </span>
     <span class='ocr_line' id='line_1_15' title="bbox 300 1872 1387 1953; baseline 0.002 -21"><span class='ocrx_word' id='word_1_117' title='bbox 300 1872 420 1932; x_wconf 88' lang='lat' dir='ltr'>rimum</span> <span class='ocrx_word' id='word_1_118' title='bbox 453 1879 542 1934; x_wconf 88' lang='lat' dir='ltr'>erat.</span> <span class='ocrx_word' id='word_1_119' title='bbox 565 1907 599 1918; x_wconf 90' lang='lat'>-</span> <span class='ocrx_word' id='word_1_120' title='bbox 651 1872 863 1936; x_wconf 80' lang='lat' dir='ltr'>Antimachus·</span> <span class='ocrx_word' id='word_1_121' title='bbox 879 1872 1009 1936; x_wconf 84' lang='lat' dir='ltr'>fortasse</span> <span class='ocrx_word' id='word_1_122' title='bbox 1044 1873 1081 1935; x_wconf 90' lang='lat' dir='ltr'>de</span> <span class='ocrx_word' id='word_1_123' title='bbox 1108 1874 1222 1936; x_wconf 88' lang='lat' dir='ltr'>lunone</span> <span class='ocrx_word' id='word_1_124' title='bbox 1251 1873 1387 1953; x_wconf 90' lang='lat' dir='ltr'>loquitur</span> 
     </span>
     <span class='ocr_line' id='line_1_16' title="bbox 300 1972 1385 2058; baseline 0.004 -24"><span class='ocrx_word' id='word_1_125' title='bbox 300 1972 408 2036; x_wconf 78' lang='lat' dir='ltr'>Furiae</span> <span class='ocrx_word' id='word_1_126' title='bbox 439 1974 616 2038; x_wconf 82' lang='lat' dir='ltr'>excitandae</span> <span class='ocrx_word' id='word_1_127' title='bbox 645 1994 735 2037; x_wconf 90' lang='lat' dir='ltr'>causa</span> <span class='ocrx_word' id='word_1_128' title='bbox 765 1975 874 2038; x_wconf 81' lang='lat' dir='ltr'>Orotan</span> <span class='ocrx_word' id='word_1_129' title='bbox 895 1978 1047 2058; x_wconf 83' lang='lat' dir='ltr'>ingressa,</span> <span class='ocrx_word' id='word_1_130' title='bbox 1077 1975 1156 2038; x_wconf 88' lang='lat' dir='ltr'>unde</span> <span class='ocrx_word' id='word_1_131' title='bbox 1186 1977 1266 2056; x_wconf 88' lang='lat' dir='ltr'>apud</span> <span class='ocrx_word' id='word_1_132' title='bbox 1297 1977 1385 2040; x_wconf 82' lang='lat' dir='ltr'>Ovid.</span> 
     </span>
     <span class='ocr_line' id='line_1_17' title="bbox 301 2076 970 2156; baseline 0.003 -17"><span class='ocrx_word' id='word_1_133' title='bbox 301 2076 419 2139; x_wconf 87' lang='lat' dir='ltr'>Metam.</span> <span class='ocrx_word' id='word_1_134' title='bbox 443 2076 493 2156; x_wconf 87' lang='lat' dir='ltr'>tv,</span> <span class='ocrx_word' id='word_1_135' title='bbox 516 2078 588 2141; x_wconf 73' lang='lat' dir='ltr'>tlt.</span> <span class='ocrx_word' id='word_1_136' title='bbox 612 2079 709 2142; x_wconf 90' lang='lat' dir='ltr'>laeta</span> <span class='ocrx_word' id='word_1_137' title='bbox 731 2078 828 2142; x_wconf 89' lang='lat' dir='ltr'>redit</span> <span class='ocrx_word' id='word_1_138' title='bbox 850 2078 970 2141; x_wconf 89' lang='lat' dir='ltr'>luno.“</span> 
     </span>
    </p>
   </div>
   <div class='ocr_carea' id='block_1_3' title="bbox 0 0 1454 4868">
    <p class='ocr_par' dir='ltr' id='par_1_3' title="bbox 0 0 1454 4868">
     <span class='ocr_line' id='line_1_18' title="bbox 0 0 1454 4868; baseline 0 1"><span class='ocrx_word' id='word_1_139' title='bbox 0 0 1454 4868; x_wconf 95' lang='lat' dir='ltr'> </span> 
     </span>
    </p>
   </div>
  </div>
 </body>
</html>
