2898 4868
524 404 790 469 ...w-

111 608 185 653 nem
215 589 300 653 iustis
329 586 367 652 de
403 590 502 654 causis
532 590 604 653 iniit.
649 589 844 654 Antimachus
877 592 955 654 enirn
986 610 1082 674 aeque
1110 600 1198 674 capue
1253 583 1256 592 ’

111 709 223 756 omnes
244 690 426 754 vetustiores
454 692 632 773 scriptores,
666 691 829 771 Hesiodus,
858 691 1025 757 Hecataeus
1055 695 1199 782 Milesius,

111 792 261 856 Pindarus
274 793 375 875 (Pytir.
390 793 439 872 iV,
454 791 532 871 dt),
556 794 747 858 Mimnermus
766 795 979 876 (ap.Strab.1,
1002 797 1061 860 tt'..
1071 797 1199 863 Schnei-

112 894 370 972 dowin.ir.10.),
393 897 541 960 orientem
556 913 663 966 versus
679 915 735 977 per
749 895 905 959 Phasidcrn
919 899 1028 962 flumen
1051 901 1081 962 in
1098 899 1200 985 Ocea—

113 1015 189 1060 num
219 1015 277 1061 eos
302 998 465 1080 navigasse
495 1005 527 1061 et
555 997 593 1061 ad
621 999 735 1081 Libyae
762 1017 831 1063 oras
857 1002 1034 1080 pervenisse
1063 1005 1198 1084 sumpsit.

112 1100 191 1163 lnde
222 1117 279 1183 per
308 1100 433 1181 Libyam
464 1119 571 1164 navem
604 1109 775 1182 portantes,
809 1102 960 1167 Hecataeo
981 1112 1111 1192 ¹auctore
1142 1125 1199 1186 per

113 1203 230 1282 Nilum,
260 1202 297 1264 ad
319 1221 402 1267 mare
417 1201 676 1268 ‘mediterraneum
704 1205 893 1268 contendunt.
937 1197 985 1268 At
1003 1215 1198 1288 posteaquam

113 1305 155 1368 ds
182 1305 357 1388 regionibus
389 1305 448 1366 iliis
482 1305 589 1368 Graeci
622 1307 769 1368 certiores
802 1304 873 1368 iacti
893 1315 970 1386 ,sunt
1005 1317 1041 1371 et
1063 1306 1198 1372 Phasidis

115 1407 218 1470 fontes
240 1414 462 1489 cognoverunt,
485 1416 573 1470 vetus
595 1408 645 1472 iiia
667 1406 706 1470 dc
720 1407 960 1490 Argonautarum
975 1409 1075 1473 reditu
1096 1413 1198 1493 opinio

115 1518 258 1573 constare
274 1509 383 1574 diutius
400 1526 461 1571 non
478 1517 607 1591 poterat.
642 1508 744 1590 itaque
763 1510 924 1592 Dionysius
937 1512 1082 1591 Milesius,
1105 1511 1198 1576 catti-

116 1612 254 1689 machus,
277 1611 649 1702 HerodorusflHeracieota
671 1611 910 1694 eademquain
929 1612 1100 1678 Colchidem
1123 1634 1198 1697 pro-

116 1713 190 1778 fecti
212 1723 298 1804 erant
319 1716 383 1793 via,
405 1703 652 1796 aiii'peristrum
674 1722 705 1778 et
727 1733 809 1779 mare
822 1715 1006 1779 Adriaticum
1026 1735 1080 1780 eos
1102 1718 1197 1781 redu-

116 1824 197 1881 cunt.
241 1819 334 1906 Quam
355 1817 481 1880 eandem
497 1817 536 1880 ob
558 1799 678 1882 causam
695 1817 871 1897 Apollonius
893 1819 1063 1881 Antimachi
1082 1819 1198 1884 ratione

116 1920 223 1983 relicta
253 1920 440 1984 occidentem
469 1939 576 1984 versus
604 1919 732 1983 reditum
757 1920 865 1982 iactum
894 1937 964 1983 esse
990 1922 1106 2000 statuit,
1142 1922 1197 1985 sod

116 2029 255 2085 veterum
275 2023 537 2105 recentiorumque
559 2023 697 2086 notiones
719 2023 793 2086 mire
809 2009 990 2103 permiscuit.
1022 2021 1066 2086 Gi.
1090 2024 1129 2087 de
1151 2025 1197 2087 iris

113 2123 209 2188 rebus
232 2125 363 2188 Hueiier.
387 2125 528 2190 Orchom.
550 2144 580 2208 p.
604 2125 677 2188 aad.
1070 2125 1073 2132 '

440 2313 510 2378 nx.
555 2327 628 2394 (scs.
646 2329 688 2383 ss.
707 2331 737 2382 o.
757 2329 813 2394 51.)
948 2279 951 2292 ³

184 2485 260 2566 Ad.
284 2485 343 2566 Ap.
364 2484 420 2546 an.
443 2485 466 2562 l,
495 2483 579 2565 att,
610 2487 660 2567 qui
687 2486 780 2550 Zeten
808 2493 838 2548 et
859 2484 962 2548 Calain
984 2483 1136 2550 Boreadcs
1156 2505 1198 2556 ex

116 2589 243 2652 Tirracia
266 2587 313 2650 ad'
326 2586 517 2670 Argonautas
540 2607 580 2650 ex
595 2588 677 2651 Iolco
701 2589 889 2670 proiecturus
903 2589 1071 2652 accessisse
1086 2597 1198 2667 narrat,

115 2690 283 2756 Scholiasta
314 2690 409 2754 addit:
446 2679 586 2765 Τούτους
614 2686 650 2756 ἐκ
678 2683 839 2779 διαφόρων
867 2681 974 2756 τόπων
1002 2691 1199 2772 συμπλεῦσαι

114 2795 183 2870 τοῖς
203 2783 426 2882 Ἀρροναὺιαις
447 2790 554 2880 φασίν.
600 2791 718 2877 Ολμὲν
739 2793 775 2861 ἐκ
792 2779 939 2880 Θρᾴκης)
969 2784 1013 2868 ὠς
1038 2783 1197 2856 Ἀπολλαλ-
1302 2879 1305 2886 ’

113 2914 188 2972 νιος·
231 2886 408 2984 Ἡρόδωρος
421 2892 458 2960 δὲ
479 2893 515 2960 ἐκ
531 2891 691 2974 Aeolidos
707 2915 715 2929 ·
737 2896 857 2985 Δοῦρις
871 2891 907 2959 δὲ
929 2889 964 2974 ἐξ
977 2885 1196 2982 Ὑπερβορέων.

115 2995 331 3084 Καταλὲγει
360 2993 400 3061 δὲ
420 2985 577 3076 τούτους
604 2998 667 3065 καὶ
692 2990 918 3082 Ἀντίμαχος.
965 2987 1140 3072 Φανόδικος
1161 2995 1198 3062 δὲ

113 3098 147 3166 ἐν
169 3092 375 3185 άΔηλιαλῶν
397 3095 433 3179 ἐξ
453 3091 664 3189 Ὑπερβορέων
685 3093 802 3178 αὐτοῦς
816 3099 925 3168 ἐλθεῖν
937 3096 991 3198 ἐπὶ
1011 3091 1066 3178 τὰν
1087 3100 1195 3166 πλοῦν.

359 3417 363 3424 ’
406 3285 430 3406 s
466 3314 551 3378 th.
596 3331 730 3410 (senaa.
747 3332 778 3384 n.
796 3332 854 3398 sa.)

201 3485 299 3549 Scirol.
324 3488 382 3565 Ap.
403 3483 458 3548 Hir.
482 3484 506 3565 l,
530 3485 622 3550 1289.
653 3478 872 3570 Ἀντίμαχος
899 3485 942 3552 δὲ
964 3483 1002 3551 ἐν
1023 3487 1066 3572 τῇ
1086 3478 1196 3572 Λὺὀρ

112 3585 227 3674 φησὶν
260 3583 541 3670 ἐκβιβασθέντα
569 3582 632 3654 τόν
659 3581 840 3678 Ἡρακλέα
869 3585 932 3658 δια
960 3579 1003 3651 τό
1033 3589 1195 3668 καταβα-

112 3693 272 3778 ρεῒσθαι
303 3681 370 3776 τῆν
399 3681 510 3778 Ἀρρολ
543 3679 621 3754 rimo
656 3689 725 3754 τοῦ
759 3683 888 3777 ἥρωος.
939 3687 1072 3752 Eandem
1104 3691 1196 3750 ratio-

114 3813 183 3858 nem
206 3795 315 3858 inierat
342 3793 534 3875 Posidippus,
561 3793 805 3874 epigrammatum
827 3785 966 3873 scriptor,
990 3798 1020 3853 et
1046 3788 1196 3874 Ptereep
1277 3801 1283 3810 '

114 3896 179 3961 des.
224 3879 335 3959 Poetae
363 3897 550 3979 posteriores
582 3894 691 3976 aliique
716 3897 879 3975 scriptores
909 3892 1069 3956 Herculem
1095 3894 1197 3959 diver-

114 4001 247 4062 sissima'
265 4000 381 4061 ratione
419 4000 450 4060 in
488 3997 729 4078 Argonautarum
766 3993 988 4077 expeditionem
1027 3997 1197 4063 intuderunt.

114 4101 147 4164 in
169 4101 279 4192 priscis
301 4098 350 4162 de·
363 4119 399 4162 ea
422 4098 614 4181 expeditione
636 4099 782 4181 poematis
804 4097 1113 4180 Hinyarum'tantum,
1147 4105 1197 4183 qui

115 4203 233 4268 inbutae
257 4203 344 4285 primi
365 4211 435 4266 sunt
456 4207 612 4280 auderes,
642 4209 895 4282 cognatarumqne
913 4203 1054 4284 gentium
1075 4201 1196 4282 heroas,
