2936 4908
301 599 601 664 Schneidewinus'in
623 599 767 664 Exercitt.
791 601 869 663 critt.
892 596 997 680 p.·27.
1021 597 1155 660 correxit
1180 596 1274 656 verba
1297 589 1391 682 παρὰ

299 694 354 764 adn
375 693 475 788 ἄνδρα
489 707 586 777 σου).
622 693 754 778 idda-ing
776 705 805 765 in
821 702 912 764 lliade
927 700 1051 762 iunioris
1074 699 1112 760 ad
1128 699 1271 760 maiorem
1288 706 1389 760 aetate

291 804 423 868 'fratrem
447 824 569 887 semper
590 813 637 868 est
652 806 806 881 allocutio;
830 821 917 884 quam
940 802 979 863 oh
1001 820 1066 864 ram
1083 799 1215 863 nonnulli
1232 799 1388 870 dixerunt,

299 900 453 995 ὅκκ’πρὸς
474 899 615 994 οίδὲίκοὸν
636 899 731 991 μόνον
753 898 886 992 λέγεται.
932 907 1026 980 Quam
1049 904 1221 985 opinionem
1244 910 1276 966 ut
1298 903 1387 966 refu-

299 1018 377 1073 taret
398 1012 597 1092 Etymologus
613 1011 713 1073 citavit
729 1009 855 1072 Eumaei
870 1009 907 1070 de
923 1008 1010 1070 Ulixe
1028 1006 1121 1068 verba
1137 1006 1192 1072 Od.
1206 1006 1286 1083 xlv,
1301 1005 1388 1076 inl,

302 1131 360 1192 quo
383 1114 451 1175 loeo
474 1113 560 1176 vocis
582 1113 660 1176 illius
683 1113 862 1196 significatio
886 1118 975 1191 atque
998 1127 1069 1173 usus
1092 1109 1179 1170 latius
1203 1117 1294 1189 patet.
1325 1111 1387 1172 Sed

299 1215 346 1276 his
373 1233 491 1295 quoque
512 1217 552 1277 'in
586 1215 688 1278 verbis
722 1207 838 1302 ἠθεῖος
870 1214 1057 1277 allocutionis
1090 1219 1225 1274 naturam
1254 1212 1387 1274 nondum

301 1317 390 1403 plane
413 1317 562 1399 deposuit.
607 1317 802 1382 Antimachus
825 1324 923 1380 autem
938 1315 1059 1398 longius
1082 1315 1119 1378 ab
1136 1315 1295 1376 llomerica
1319 1315 1387 1376 dic-

302 1421 384 1482 tione
410 1420 559 1484 recedens
589 1429 649 1484 tam
679 1424 750 1484 artis
773 1421 880 1484 linibus
902 1436 1009 1482 vocem
1031 1433 1091 1479 non
1114 1418 1268 1479 continuit.
1314 1418 1387 1498 Sig-

300 1524 432 1586 nificavit
453 1525 531 1586 enim
555 1543 607 1600 ea,
631 1543 690 1586 non
716 1528 746 1586 iu
769 1523 919 1604 colloquio
942 1518 1111 1602 appellandi
1134 1537 1224 1580 causa
1247 1537 1387 1599 pronun-

300 1627 400 1700 tiata,·
420 1625 555 1688 homines
583 1626 781 1689 familiaritate
813 1633 845 1687 et
873 1625 1053 1706 cognatione
1085 1623 1277 1700 coniunctos,
1310 1615 1388 1696 τοὺς

300 1721 436 1802 οἰκείους
457 1724 580 1812 φίλους.
610 1729 712 1792 Latior
733 1747 805 1792 usus
828 1735 875 1790 est
897 1729 985 1790 etiam
1008 1724 1086 1808 apud
1109 1724 1167 1804 Ap.
1181 1724 1235 1804 ΙΙΙ.
1259 1724 1335 1786 Vide
1351 1725 1387 1802 ll,

304 1829 395 1892 1219.
420 1829 468 1907 ΙΙΙ,
492 1827 542 1892 53.

633 2019 751 2084 xxlv.
767 2012 771 2018 ’
789 2035 862 2100 (νο.
883 2037 923 2088 ra.
941 2035 971 2085 u.
992 2035 1045 2099 π.)
1127 2101 1129 2106 Ι

403 2167 456 2238 Ἐν
477 2172 514 2238 δὲ
534 2167 574 2238 συ
596 2175 680 2237 rotet
700 2165 787 2256 μάλα
807 2165 960 2260 πρόφρων
981 2169 1149 2260 ἐπίκουρος
1171 2165 1321 2258 οἷμορβῶν

400 2272 580 2362 Ὠμίλησας,
604 2269 678 2352 ἕως
699 2267 887 2363 διεπίρσανε
908 2269 1031 2359 Λίμνον
1053 2269 1140 2340 alma.
1224 2351 1227 2358 1

384 2451 431 2512 Ex
454 2451 534 2512 libro
554 2451 656 2530 quinto
681 2450 839 2512 Thebaidis
864 2452 934 2514 citat
956 2450 1058 2530 Steph.
1082 2449 1154 2530 Byr.
1178 2465 1202 2510 s.
1221 2463 1256 2509 v:
1279 2440 1387 2534 Δύμη.

300 2544 471 2636 Λέγεται
492 2551 553 2614 καί
575 2542 741 2633 Λίμνος·
761 2543 980 2634 Ἀντίμαχος
1001 2548 1039 2615 ἐν
1060 2541 1218 2633 πέμπτῳ
1242 2551 1387 2636 Θηβαί-

299 2653 372 2729 cog.
417 2655 569 2736 Sumptum
592 2655 711 2718 videtur
733 2675 772 2718 ex
795 2657 944 2736 colloquio
966 2656 1090 2718 heroum
1119 2654 1198 2736 apud
1217 2653 1388 2742 ¹Adrastum

299 2739 529 2819 convivantium.
575 2756 607 2821 ln
631 2758 716 2822 codd.
739 2759 850 2840 legitur
871 2748 1047 2842 ὠμιλὴσαε,
1077 2748 1129 2835 ὥς,
1159 2777 1199 2819 ex
1227 2775 1287 2837 quo
1315 2777 1385 2820 cum

236 2849 240 2854 ’
299 2860 434 2922 lacobsio
464 2861 659 2936 (Animadvv.
691 2861 727 2923 ad
755 2861 865 2922 Athen.
893 2878 922 2938 p.
953 2860 1045 2934 258.)
1081 2869 1112 2922 et
1143 2858 1218 2922 Adr.
1247 2861 1386 2942 Heringa

299 2964 487 3039 (Oltservatt.
526 2984 555 3043 p.
609 2962 698 3036 230.)
745 2953 940 3046 etptlpoag
987 2953 1059 3038 ἕως
1094 2947 1296 3038 restituimus,
1335 2967 1386 3026 vel

299 3057 494 3150 ὦμίλησος
515 3057 641 3138 ὅπως.Ι
671 3065 950 3146 Schellenbergius*
965 3066 1062 3127 locum
1089 3085 1193 3146 parum
1222 3067 1386 3142 intellexit3

300 3159 448 3252 ἇμορβοῖν
472 3167 551 3228 enim
573 3165 834 3248 genitivumsesse
861 3151 1000 3250 opinatur
1028 3169 1205 3234 substantivi
1227 3161 1385 3253 ’(ίμορβός,

300 3273 400 3349 itaque
433 3265 599 3356 ἐπίκουρον
628 3261 776 3355 οἷμορβῶν
806 3269 911 3334 ducem
941 3272 1063 3333 militum
1095 3289 1166 3334 esse
1197 3274 1385 3336 auxiliarium

300 3373 429 3454 probare
452 3372 600 3434 studebat.
643 3373 704 3436 Sed
719 3371 814 3433 ducis
838 3374 902 3435 sive
924 3373 1070 3454 praefecti
1097 3377 1181 3436 notio
1211 3377 1241 3438 in
1263 3395 1293 3438 v,
1313 3373 1386 3441 ἐπί-

301 3495 414 3559 κουρος
435 3493 495 3536 non
519 3475 607 3552 inest,
630 3491 730 3552 neque
749 3473 900 3536 'eiusmodi
914 3476 1067 3537 notionem
1089 3475 1146 3538 hoc
1170 3478 1238 3539 loco
1261 3487 1385 3559 captare
1406 3539 1410 3547 ,

301 3573 445 3658 cogimur.
490 3567 649 3662 Ἀμορβῶν
678 3577 756 3638 enim
779 3583 827 3638 cst
852 3578 1039 3658 participium
1065 3580 1150 3642 vcrhi
1180 3569 1328 3665 οἶμορβὲω
1356 3589 1386 3643 et

273 3722 276 3728 -
302 3681 480 3742 Antimacho
503 3679 621 3742 videtur
643 3677 736 3741 fuisse
760 3679 912 3760 epitheton
935 3682 1085 3756 sociorum
1107 3689 1296 3763 perpetuum,
1317 3685 1386 3764 ⁴qim

302 3784 485 3864 significaret
507 3782 760 3844 auxiliatorem
784 3801 864 3862 eos,
897 3785 1025 3865 quibus
1056 3785 1193 3846 auxilio
1220 3789 1384 3864 uenerit,

302 3884 468 3946 fideliter
490 3892 713 3964 sequentem.
749 3887 794 3948 De
817 3889 942 3954 vocibus
964 3879 1117 3974 οἷμορβος,
1140 3878 1284 3972 §plepem
1306 3890 1383 3971 (Ap.

302 3987 356 4048 ΙΙΙ.
388 3985 436 4062 ΙΙΙ,
467 3985 559 4061 881.)
589 3978 772 4074 οίμόρβαιος,
803 3981 992 4076 apophatica,
1020 3991 1125 4070 quibus
1158 3991 1385 4064 Antimacheum

302 4078 451 4175 ‹lpopnim
473 4092 603 4164 accedit,
628 4091 819 4170 Callimacho,
842 4093 1007 4170 Nicandro,
1039 4095 1215 4173 Apollonio,
1246 4093 1386 4174 oppiano

301 4195 417 4256 usitatis
448 4193 484 4256 ci.
510 4185 625 4276 Spania*
644 4196 683 4256 'nd
708 4193 821 4257 Gallim.
845 4195 880 4256 ΙΙ.
900 4196 984 4257 Dian.
1001 4197 1050 4258 dd.
1068 4195 1134 4256 adn.
1150 4194 1256 4276 fragm.
1277 4195 1384 4260 Bloml.
