2898 4868
80 529 189 606 Quam
209 531 252 648 pb
275 545 396 594 oausam
417 530 450 594 in
470 529 610 594 Pharum.
632 529 669 611 N.
690 529 729 593 Ι).
749 524 845 594 ta‘
831 526 907 594 ι’νιοι
927 520 1119 697 {acirim
1098 533 1178 616 arpa

78 651 152 698 σαν
179 624 240 718 τῆν
272 629 394 720 μητέρα
424 629 487 698 τῶν
515 627 663 718 Χαρίτων
690 621 783 710 εἶναι,
814 627 947 706 amicti
947 569 1177 717 tity‘tatav,

77 735 154 798 noir
184 751 262 816 opus
292 742 354 812 est,
383 733 415 797 id
441 719 520 814 quod
543 733 616 798 iecit
642 734 788 812 Galenus,
822 734 946 798 verbum
974 723 1155 818 Apicios
1146 753 1178 798 ιιι

76 835 218 920 Atytrv
238 845 363 900 mutare.
407 837 524 900 Patrem
539 835 706 908 Gratiarum
722 835 788 900 fare
811 854 916 900 omnes
928 845 1051 900 veteres
1067 838 1178 900 iaciunt

76 938 209 1016 Iovem,
244 939 298 1001 sed
328 939 366 1002 de
392 947 487 1002 matre
519 947 549 1001 et
578 939 608 1001 in
637 940 767 1021 ipsarum
796 940 964 1002 nominibus
993 947 1024 1002 et
1053 957 1177 1003 numero

78 1041 300 1105 constituendo
323 1042 451 1104 maxime
465 1041 544 1102 inter
565 1058 601 1104 se
615 1041 796 1123 discrepant
842 1042 902 1107 Sed
924 1055 969 1104 ea
978 1043 1097 1104 nomina
1111 1039 1176 1104 fere

81 1144 189 1205 omnia
212 1143 366 1225 pristinam
389 1144 555 1254 Gratiarum
577 1142 733 1224 physicam
755 1145 824 1208 vim
840 1151 871 1206 et
893 1131 1026 1210 naturam
1048 1151 1176 1226 porten-

83 1245 172 1310 dunt.

396 1449 571 1514 LXXXVI.
617 1467 692 1533 (seu.
710 1467 751 1518 m.
769 1465 799 1518 n.
817 1467 875 1532 aa.)
934 1461 937 1467 '

302 1604 405 1698 Τῆνον
424 1597 455 1677 ι’
480 1602 658 1700 σ’ῳιοέσσης.

181 1767 278 1848 Schol.
294 1767 330 1829 ad
339 1763 493 1848 Aristoph.
506 1766 660 1831 alueris.
684 1758 849 1848 ,ἐμβαλών
861 1755 1018 1854 σκορόδων
1030 1760 1176 1854 κεφαλᾶς

93 1869 183 1955 τρεῖς
207 1865 354 1953 Τηνίων),
393 1861 461 1934 “Ort
482 1864 515 1933 ἐν
535 1868 576 1956 τῇ
601 1859 708 1954 Τῆνῳ,
727 1864 786 1953 peip
807 1865 869 1930 τῶν
885 1859 1063 1938 Κυκλάδων,
1079 1860 1174 1957 νῆσῳ,

92 1963 189 2056 ὄφεις
210 1969 260 2034 καὶ
281 1957 423 2060 σκορπίοι
449 1969 545 2036 δεινοὶ
573 1969 709 2058 ἐγίνοντο
732 1986 741 2001 ·
763 1961 785 2056 ῆ
810 1962 861 2034 ὅτι
887 1961 907 2056 ἡ
940 1969 1040 2054 Τῆνος
1065 1962 1174 2059 δριμύ-

92 2097 178 2138 τατον
212 2065 348 2161 σκόροδα
379 2071 489 2162 ῳέρεί.Ι
523 2063 565 2138 Ἡ
580 2073 693 2158 ’Τῆνος
722 2067 758 2136 δὲ
786 2064 867 2159 αὕτη
898 2064 1060 2159 θηριώδης
1088 2073 1176 2140 δοκεῖ

92 2165 184 2254 εἶναι,
206 2173 259 2243 καὶ
280 2170 421 2252 Εὔπολις
435 2166 576 2246 Πόλεσι·
594 2176 713 2262 Τῆνος
734 2166 829 2261 αὕτη
851 2166 1016 2250 πολλοὺς
1036 2170 1176 2254 ἔχουσα

91 2275 303 2364 σκορπίους
324 2273 423 2358 ἔχεις
443 2301 485 2342 σε
510 2269 763 2395 ρνκοῳοὲνσοις.
806 2272 1046 2395 Καλλίστρατρς
1067 2273 1103 2341 δὲ
1122 2273 1176 2342 ant

95 2374 135 2448 τὰ
158 2377 260 2467 σαφὲς
280 2377 473 2498 κατῆρέχθη,
502 2403 547 2474 ῳς
567 2371 804 2496 σκοροόοῳόρον
825 2378 883 2466 τῆς
903 2376 961 2463 γῆς
983 2371 1088 2504 orions
1114 2367 1175 2446 διο

90 2481 156 2550 καὶ
189 2476 233 2548 σὰ
266 2503 368 2570 ιιοιρα
403 2467 624 2568 Ἀντιμάχῳ·
664 2473 784 2567 Τῆνον
818 2503 838 2543 τ
881 2471 1107 2568 operirem,
1134 2472 1176 2548 οὖ
1260 2569 1262 2574 ,

91 2580 259 2661 καλῶς
245 2609 345 2666 exaio
375 2584 492 2654 δοκεῖ.
536 2587 660 2660 Quibus.
679 2604 720 2648 ex
744 2584 846 2646 verbis
873 2586 1053 2664 perturbatis
1068 2603 1176 2666 quan·

93 2697 155 2752 tum
177 2697 278 2771 potest
300 2690 450 2771 perspici,
481 2689 581 2751 Tenus
607 2687 703 2750 insula
728 2684 893 2750 ferebatur·
908 2685 1036 2748 fecunda
1063 2686 1123 2750 allii
1145 2695 1176 2750 et

92 2801 280 2874 serpentum3
305 2792 364 2854 sed
388 2811 477 2872 quum
499 2791 559 2852 allii
583 2785 716 2852 odorem‘
736 2795 894 2869 serpentes
922 2787 1023 2850 odisse
1054 2797 1176 2852 veteres

93 2897 287 2976 opinarentur
316 2894 406 2968 (Ptin.
438 2891 474 2962 H.
502 2885 537 2956 N.
565 2893 629 2970 XX,
655 2892 690 2970 ,6
720 2890 803 2967 2.,3)
833 2890 959 2952 eandem
990 2891 1115 2956 insulam
1146 2899 1176 2954 et
1249 2941 1252 2948 .

92 2989 355 3084 σκοροδοῳόρον
356 3005 387 3060 et
412 2983 583 3083 ὄῳιόεσσον
611 3013 680 3057 esse
709 3012 771 3056 non
801 2995 936 3076 potuisse
966 2995 1176 3074 grammaticus

94 3099 249 3182 argutuius
271 3100 368 3162 docet.
400 3099 495 3173 Quam
517 3097 556 3160 ob
570 3109 690 3160 causam
707 3096 745 3158 dc
759 3095 927 3158 Antimachi
942 3095 1054 3176 verbis,
1070 3097 1176 3178 quibus

95 3203 215 3280 Tenus,
239 3203 308 3264 allio
329 3201 499 3280 abundans,
521 3189 678 3286 ὀῳιὸεσσα
686 3201 894 3279 nuncupetur,
918 3197 989 3261 dicit
1011 3221 1049 3264 ov
1040 3190 1176 3276 καλῶς

94 3299 175 3385 tice
209 3304 304 3370 δοκεῖ.
363 3303 477 3367 'senum
517 3301 703 3384 anguiferam
733 3299 832 3363 inisse
872 3307 1019 3364 testantur
1055 3303 1174 3364 nomina

92 3400 313 3494 ‘etpotamo
334 3397 505 3493 Ὀῳιοῦσσα
526 3405 641 3468 insulae
663 3402 764 3468 indita.
808 3404 843 3466 V.
868 3403 969 3485 Steph.
994 3401 1068 3484 Byz.
1092 3403 1121 3464 h.
1145 3421 1173 3465 v.

95 3510 243 3592 (Hesych.
256 3501 463 3595 Ὑόροῆσα·
443 3533 462 3594 η
485 3504 577 3583 Κὲως
594 3497 677 3570 οὕτω
694 3501 847 3584 incisive,
869 3508 995 3569 insulam
1014 3504 1093 3568 Ceos
1108 3525 1175 3568 cum

96 3613 179 3676 Tenc
215 3631 271 3693 per
300 3629 435 3675 errorem
472 3617 669 3672 commutasse
697 3608 853 3706 vitetur..)
898 3599 1069 3692 Υδροῦσσα
1096 3608 1176 3668 enim

95 3731 265 3802 cognomen
275 3722 357 3774 non·
354 3714 407 3776 ab
424 3705 544 3787 ,ὕδατος
571 3714 659 3793 σοριο
673 3699 754 3773 'oum
777 3709 940 3772 Aristotele
963 3727 1012 3789 ap.
1042 3707 1114 3770 Plin.
1138 3707 1174 3770 ΙΙ.

97 3817 131 3879 N.
154 3817 204 3894 tv,
229 3816 287 3893 12,
303 3814 355 3877 22.
378 3823 519 3895 repetere
541 3816 622 3893 ticet,
645 3815 699 3876 sed
717 3813 871 3892 originem
889 3811 979 3872 traxit
1000 3809 1038 3872 ab
1047 3809 1174 3892 hydris,

97 3919 330 4000 serpentibus·
325 3915 431 3980 Vocis
452 3907 623 4002 ‹iproioopc
639 3917 732 3998 prima
754 3913 869 3994 syllaba
888 3912 1082 3976 Antimachus
1102 3931 1174 3976 usus

97 4022 143 4086 ost
164 4023 268 4103 tonga3
291 4020 330 4083 ci
353 4020 437 4082 Νοιιι.
460 4019 493 4080 ll.
516 4017 580 4095 Xtt,
603 4018 675 4081 208.
698 4005 847 4080 attmv‘
826 4035 911 4102 οῳιν.
956 4015 1069 4096 Spitzn.
1092 4031 1174 4078 vers.

96 4125 158 4190 tier.
182 4144 212 4208 p.
237 4123 332 4188 78.—
364 4122 429 4186 Nic.
452 4121 542 4185 Baoh.
560 4121 596 4183 ad
620 4121 822 4202 Argonautas,
845 4121 945 4199 itaque
960 4115 997 4182 ad
1016 4116 1121 4200 Lyden
1136 4115 1173 4180 ir.
