2936 4908
74 573 185 635 gauere
219 555 345 634 quisque
382 552 502 616 videbit.
549 555 643 628 Quam
680 556 796 636 culpam
842 573 929 635 quum
968 556 1155 634 Antimacho,

74 664 182 736 poetae
218 655 295 718 haud
318 655 485 734 'nrediocri,
515 657 670 738 assignare
704 676 765 719 non
791 656 895 734 liceat,
933 658 1011 720 bella
1044 665 1162 740 tanturn

74 758 216 820 Thebana
243 759 276 819 in
303 757 353 820 illo
380 765 532 839 poemate'
545 758 669 820 infuisse
694 766 724 820 et
752 758 879 820 reditum
907 759 1058 822 Diomedis
1089 779 1156 822 eum

73 860 239 941 significari
262 867 404 941 apparet,
429 878 487 940 quo
510 861 642 923 secundo
665 861 745 923 bello
766 861 908 924 Thebano
931 863 1012 925 hnito
1038 863 1156 926 domum

74 964 256 1044 perrexerit.
301 963 366 1024 Neu
388 982 476 1042 quern
499 962 534 1024 lr.
558 961 679 1040 LXXII,
709 963 739 1024 in
768 981 828 1042 quo
852 965 970 1027 Pelides
997 967 1027 1026 in
1047 967 1156 1028 Troia-

74 1081 143 1126 nam
165 1073 276 1126 terram
298 1066 409 1146 primus
433 1064 649 1128 eGraecormn
663 1065 787 1127 nauibus
809 1065 954 1128 desiliens
965 1077 1155 1146 memoratur,

73 1168 215 1230 sollicitet
248 1185 367 1229 moneo.
420 1167 511 1228 Nam·
529 1185 618 1246 quum
652 1169 815 1232 Scholiasta
847 1168 1068 1249 Lycophronis,
1107 1172 1156 1250 qui

26 1351 27 1354 Ἴ
74 1270 147 1332 illud
170 1269 369 1350 fragmentum
390 1268 507 1346 laudat,
531 1276 643 1330 certum
668 1269 746 1331 unde
769 1270 903 1330 haustum
927 1273 965 1332 sit
987 1270 1156 1334 Antimachi

74 1373 183 1433 librum
206 1390 266 1433 non
290 1371 483 1448 indicaverit,
517 1390 556 1431 ex
582 1370 641 1432 alio
668 1371 793 1451 quodam
825 1374 889 1432 eius
918 1382 1055 1452 poemate
1082 1376 1156 1435 istos

74 1491 184 1536 versus
207 1481 340 1555 sumptos
368 1489 437 1534 csse
468 1489 649 1542 censemus..
679 1470 754 1536 Nisii
770 1473 848 1534 forte
876 1475 905 1535 in
935 1477 1157 1555 comparatione

73 1577 172 1656 aliqua
203 1575 300 1638 locum
330 1575 472 1637 habuisse
498 1575 655 1637 arbitratus
687 1575 829 1638 Thebaidi
856 1575 1022 1655 reliqueris.
1074 1578 1156 1639 bella

75 1679 235 1755 Thebana,
259 1679 289 1740 id
311 1677 390 1758 quod
413 1697 453 1739 ex
473 1676 556 1739 titulo
579 1686 718 1758 apparet,
742 1678 907 1759 principale
930 1681 1068 1740 carminis
1087 1681 1156 1742 iue-

73 1790 143 1844 runt
171 1789 394 1862 argumentum,
426 1779 461 1841 ad
490 1779 569 1859 quod
596 1782 765 1860 priusquam
794 1780 953 1842 accederet
980 1781 1155 1860 canendum,

76 1884 113 1945 ab
134 1884 236 1946 ultimo
260 1884 343 1945 initio
365 1890 455 1963 poeta
481 1901 544 1943 rem
566 1885 694 1963 repetiit.
731 1882 838 1945 ⁴Rediit
865 1885 956 1963 igitur
985 1884 1021 1946 ad
1048 1886 1157 1946 interi-

76 1995 136 2047 tum
173 1986 337 2068 Meleagri,
378 2003 436 2066 quo
471 1985 590 2064 Tydeus
629 2004 668 2047 ex
700 1985 819 2047 Aetolia
853 1985 954 2066 Argos
991 1986 1155 2068 coningere

74 2095 197 2151 coactus
228 2097 288 2165 est,
321 2089 410 2150 etad
438 2087 586 2167 Polynicis
613 2086 712 2168 lugam
741 2089 771 2148 in
800 2087 927 2150 eandem
952 2089 1058 2152 urbem
1085 2106 1155 2150 sus-

72 2200 207 2272 ceptam,
236 2193 319 2252 cuius
342 2209 398 2252 rex
423 2189 570 2252 Adrastus
600 2199 757 2270 utrmoque
785 2191 971 2274 hospitaliter
997 2199 1156 2270 exceptum

72 2313 144 2356 sese
168 2296 198 2355 in
219 2296 345 2375 patriam
362 2293 551 2355 reducturum
575 2311 644 2355 esse
668 2293 833 2374 pollicetur.
878 2293 980 2371 ltaque
996 2294 1156 2372 suscipitur

72 2396 205 2459 Adrasto
232 2395 307 2458 duce
333 2397 415 2476 prius
442 2394 551 2456 bellum
580 2394 765 2469 Thebanum,
796 2411 855 2473 quo
880 2395 1008 2455 omnium
1034 2401 1156 2474 praeter

32 2524 34 2533 ·
73 2499 237 2562 Adrastum
258 2499 381 2560 heroum
405 2516 471 2559 curn
487 2496 621 2576 pernicie
640 2497 788 2573 conlecto,
812 2496 917 2558 eodem
931 2495 1007 2558 duce
1030 2497 1155 2559 alterurn

74 2600 185 2662 bellum
220 2619 237 2661 a
271 2617 426 2682 caesorum
459 2598 527 2662 liliis
561 2600 626 2661 sive
658 2597 803 2680 Epigonis
834 2598 983 2661 Thebanis
1018 2599 1153 2661 infertur.

72 2703 184 2766 Thebis
207 2704 301 2783 captis
325 2709 356 2764 et
381 2702 506 2781 imperio
534 2700 739 2777 Thersandro,
767 2701 916 2781 Polynieis
939 2702 1014 2776 filio,
1046 2700 1153 2762 tradito

71 2807 163 2869 etiam
189 2805 351 2868 Diomedes
380 2806 410 2865 in
432 2805 563 2885 'patriam
593 2812 623 2865 et
653 2810 808 2884 paternum
835 2819 960 2882 regnum
993 2802 1154 2864 reducitur.

70 2908 225 2970 Diomedis
253 2915 351 2970 autem
373 2906 500 2970 reditum
523 2925 642 2968 carmen
664 2907 776 2970 finiisse
799 2913 829 2966 ct
852 2906 1075 2984 compositionis
1099 2906 1154 2966 arti

70 3013 214 3074 convenit
244 3018 274 3072 et
310 3029 350 3072 ex
387 3009 489 3072 verbis
519 3009 687 3072 Horatianis
717 3027 807 3089 supra
838 3009 934 3070 allatis
964 3009 1152 3090 perspicitur.

31 3118 39 3163 t
71 3116 136 3177 llac
159 3115 275 3176 ratione
298 3115 397 3175 exitus
422 3114 570 3174 consentit
591 3130 657 3173 cum
679 3113 762 3172 initio
786 3119 816 3172 et
835 3118 926 3172 totum
948 3118 1153 3192 argumentum

70 3222 102 3279 in
131 3217 271 3279 circulum
299 3215 382 3296 quasi
412 3213 571 3295 redigitur,
601 3220 634 3275 ut
657 3213 762 3292 quibus
791 3198 912 3295 Tpdeus
943 3221 974 3274 et
996 3214 1153 3293 Polynices

70 3328 174 3401 patres
202 3319 310 3398 priuati
340 3324 426 3380 erant
456 3317 575 3396 regnis,
608 3310 720 3380 ea'fitii
749 3323 942 3397 recuperent;
975 3333 1031 3394 qua
1058 3315 1088 3374 ih
1118 3331 1152 3374 re

69 3411 240 3484 coniunctio
263 3429 351 3500 atque
373 3420 524 3502 oppositio
546 3437 612 3480 curn
632 3417 730 3499 Tydei
754 3424 786 3480 ct
800 3418 968 3499 Polynicis,
992 3425 1052 3477 tum
1074 3414 1151 3475 Dio-

26 3556 38 3575 =·
68 3523 166 3587 medis
189 3530 220 3586 et
241 3523 423 3586 Thersandri
445 3529 544 3603 aptum
564 3519 654 3584 efficit
677 3521 821 3601 poematis
841 3513 1150 3599 compositionem¹⁶).

156 3626 267 3690 llarum
301 3634 398 3690 autem
431 3643 548 3702 rerum,
583 3641 656 3704 quas
685 3621 867 3702 generaliter
895 3620 1079 3698 disputantes
1112 3634 1151 3676 ex

26 3749 27 3756 ¹
69 3729 233 3793 lloratiano
255 3730 432 3810 praesertim
455 3727 522 3789 loco
541 3727 664 3806 eiusque
681 3723 854 3792 Scholiastis
873 3719 1150 3796 demonstravimus,

26 3833 40 3866 ''
68 3811 146 3898 tides
168 3839 295 3914 augetur
315 3829 489 3912 fragmentis
512 3828 680 3892 Antinruchi
702 3824 898 3904 conservatis.
922 3819 985 3882 Trr.
1005 3819 1101 3904 XLVI
1121 3827 1151 3882 et

26 3951 28 3958 ·
70 3935 192 4011 XbVll,
223 3937 253 3995 in
276 3935 382 4015 quibus
403 3933 484 4009 ldae,
513 3939 599 4012 pater
627 3928 805 4008 Cleopatrae
832 3924 1017 4006 Meleagria
1045 3924 1149 4006 Tydeo

70 4069 327 4104 *4-
572 4099 575 4106 .

108 4161 153 4226 tt)
191 4161 230 4213 Cl.
250 4161 375 4214 welcher.
395 4158 467 4224 Cycl.
486 4159 549 4224 apic.
569 4175 592 4224 p.
611 4154 669 4208 103.

974 4223 994 4282 2
