<?xml version="1.0" encoding="UTF-8"?>
<!DOCTYPE html PUBLIC "-//W3C//DTD XHTML 1.0 Transitional//EN"
    "http://www.w3.org/TR/xhtml1/DTD/xhtml1-transitional.dtd">
<html xmlns="http://www.w3.org/1999/xhtml" xml:lang="en" lang="en">
 <head>
  <title>
</title>
<meta http-equiv="Content-Type" content="text/html;charset=utf-8" />
  <meta name='ocr-system' content='tesseract 3.04.00' />
  <meta name='ocr-capabilities' content='ocr_page ocr_carea ocr_par ocr_line ocrx_word'/>
</head>
<body>
  <div class='ocr_page' id='page_1' title='image "antimachicoloph01antigoog_0116.png"; bbox 0 0 2898 4868; ppageno 0'>
   <div class='ocr_carea' id='block_1_1' title="bbox 81 522 1281 1837">
    <p class='ocr_par' dir='ltr' id='par_1_1' title="bbox 81 522 1281 1433">
     <span class='ocr_line' id='line_1_1' title="bbox 81 522 1182 611; baseline -0.004 -14"><span class='ocrx_word' id='word_1_1' title='bbox 81 524 197 606; x_wconf 77' lang='grc' dir='ltr'><strong><em>ὁδοῦ)</em></strong></span> <span class='ocrx_word' id='word_1_2' title='bbox 228 545 315 595; x_wconf 81' lang='lat' dir='ltr'><strong>usum</strong></span> <span class='ocrx_word' id='word_1_3' title='bbox 346 539 378 594; x_wconf 88' lang='lat' dir='ltr'><strong>et</strong></span> <span class='ocrx_word' id='word_1_4' title='bbox 405 529 559 611; x_wconf 77' lang='lat' dir='ltr'><strong>exempla·</strong></span> <span class='ocrx_word' id='word_1_5' title='bbox 573 538 795 610; x_wconf 52' lang='lat' dir='ltr'><strong>provocamen·</strong></span> <span class='ocrx_word' id='word_1_6' title='bbox 818 522 874 607; x_wconf 76' lang='grc' dir='ltr'><strong>δινέ</strong></span> <span class='ocrx_word' id='word_1_7' title='bbox 903 528 1032 606; x_wconf 73' lang='grc' dir='ltr'><strong><em>σπιδέος</em></strong></span> <span class='ocrx_word' id='word_1_8' title='bbox 1056 527 1182 596; x_wconf 83' lang='grc' dir='ltr'><strong><em>πεδίοιο</em></strong></span> 
     </span>
     <span class='ocr_line' id='line_1_2' title="bbox 82 631 1250 716; baseline -0.003 -19"><span class='ocrx_word' id='word_1_9' title='bbox 82 635 279 700; x_wconf 85' lang='lat' dir='ltr'><strong>maluerunt.</strong></span> <span class='ocrx_word' id='word_1_10' title='bbox 321 633 420 700; x_wconf 83' lang='lat' dir='ltr'><strong>Locos</strong></span> <span class='ocrx_word' id='word_1_11' title='bbox 442 631 701 714; x_wconf 76' lang='lat' dir='ltr'><strong>grammaticorum</strong></span> <span class='ocrx_word' id='word_1_12' title='bbox 717 632 774 694; x_wconf 89' lang='lat' dir='ltr'><strong>huc</strong></span> <span class='ocrx_word' id='word_1_13' title='bbox 793 633 980 716; x_wconf 78' lang='lat' dir='ltr'><strong>pertinentes</strong></span> <span class='ocrx_word' id='word_1_14' title='bbox 996 631 1183 708; x_wconf 86' lang='lat' dir='ltr'><strong>contulerunt</strong></span> <span class='ocrx_word' id='word_1_15' title='bbox 1248 679 1250 686; x_wconf 91' lang='lat'><strong>.</strong></span> 
     </span>
     <span class='ocr_line' id='line_1_3' title="bbox 83 729 1183 818; baseline -0.004 -19"><span class='ocrx_word' id='word_1_16' title='bbox 83 745 125 800; x_wconf 88' lang='lat' dir='ltr'><strong>et</strong></span> <span class='ocrx_word' id='word_1_17' title='bbox 152 736 312 816; x_wconf 80' lang='lat' dir='ltr'><strong>corrigere</strong></span> <span class='ocrx_word' id='word_1_18' title='bbox 335 734 510 797; x_wconf 89' lang='lat' dir='ltr'><strong>studuerunt</strong></span> <span class='ocrx_word' id='word_1_19' title='bbox 539 731 644 796; x_wconf 84' lang='lat' dir='ltr'><strong>Biomi.</strong></span> <span class='ocrx_word' id='word_1_20' title='bbox 675 732 771 798; x_wconf 80' lang='lat' dir='ltr'><strong>Closs.</strong></span> <span class='ocrx_word' id='word_1_21' title='bbox 793 732 979 812; x_wconf 66' lang='lat' dir='ltr'><strong>iuuantil,</strong></span> <span class='ocrx_word' id='word_1_22' title='bbox 1003 753 1032 818; x_wconf 91' lang='lat' dir='ltr'><strong>p.</strong></span> <span class='ocrx_word' id='word_1_23' title='bbox 1055 729 1128 798; x_wconf 80' lang='lat' dir='ltr'><strong>aar.</strong></span> <span class='ocrx_word' id='word_1_24' title='bbox 1151 741 1183 797; x_wconf 89' lang='lat' dir='ltr'><strong>et</strong></span> 
     </span>
     <span class='ocr_line' id='line_1_4' title="bbox 82 817 1183 919; baseline -0.004 -17"><span class='ocrx_word' id='word_1_25' title='bbox 82 823 216 919; x_wconf 81' lang='lat' dir='ltr'><strong>Spitan.</strong></span> <span class='ocrx_word' id='word_1_26' title='bbox 238 836 277 900; x_wconf 91' lang='lat' dir='ltr'><strong>ad</strong></span> <span class='ocrx_word' id='word_1_27' title='bbox 297 835 330 898; x_wconf 84' lang='grc' dir='ltr'><strong>ΙΙ.</strong></span> <span class='ocrx_word' id='word_1_28' title='bbox 360 835 486 898; x_wconf 82' lang='lat' dir='ltr'><strong>Excurs.</strong></span> <span class='ocrx_word' id='word_1_29' title='bbox 514 836 591 898; x_wconf 80' lang='lat' dir='ltr'><strong>xxi.</strong></span> <span class='ocrx_word' id='word_1_30' title='bbox 618 855 647 917; x_wconf 93' lang='lat' dir='ltr'><strong>p.</strong></span> <span class='ocrx_word' id='word_1_31' title='bbox 670 835 771 912; x_wconf 62' lang='lat' dir='ltr'>XCV„</span> <span class='ocrx_word' id='word_1_32' title='bbox 804 854 928 917; x_wconf 87' lang='lat' dir='ltr'><strong>quorum</strong></span> <span class='ocrx_word' id='word_1_33' title='bbox 959 817 1053 918; x_wconf 82' lang='lat' dir='ltr'><strong>opera</strong></span> <span class='ocrx_word' id='word_1_34' title='bbox 1084 837 1183 900; x_wconf 86' lang='lat' dir='ltr'><strong>elucet</strong></span> 
     </span>
     <span class='ocr_line' id='line_1_5' title="bbox 83 926 1182 1019; baseline -0.002 -17"><span class='ocrx_word' id='word_1_35' title='bbox 83 939 302 1002; x_wconf 80' lang='lat' dir='ltr'><strong>Ptolemaeum</strong></span> <span class='ocrx_word' id='word_1_36' title='bbox 329 938 533 1002; x_wconf 87' lang='lat' dir='ltr'><strong>Ascalonitam</strong></span> <span class='ocrx_word' id='word_1_37' title='bbox 566 939 726 1019; x_wconf 85' lang='lat' dir='ltr'><strong>scripsisse</strong></span> <span class='ocrx_word' id='word_1_38' title='bbox 759 926 801 1000; x_wconf 77' lang='grc' dir='ltr'><strong>δι’</strong></span> <span class='ocrx_word' id='word_1_39' title='bbox 828 928 989 1016; x_wconf 60' lang='lat' dir='ltr'><strong>muratos,</strong></span> <span class='ocrx_word' id='word_1_40' title='bbox 1014 935 1182 1015; x_wconf 72' lang='lat' dir='ltr'><strong>Cretatam,</strong></span> 
     </span>
     <span class='ocr_line' id='line_1_6' title="bbox 85 1031 1182 1124; baseline -0.002 -20"><span class='ocrx_word' id='word_1_41' title='bbox 85 1041 309 1118; x_wconf 87' lang='lat' dir='ltr'><strong>Zenodotum‚·</strong></span> <span class='ocrx_word' id='word_1_42' title='bbox 333 1040 408 1103; x_wconf 88' lang='lat' dir='ltr'><strong>alios</strong></span> <span class='ocrx_word' id='word_1_43' title='bbox 439 1031 494 1104; x_wconf 75' lang='lat' dir='ltr'><strong>ded</strong></span> <span class='ocrx_word' id='word_1_44' title='bbox 523 1035 664 1118; x_wconf 80' lang='grc' dir='ltr'><strong><em>σπιδέος,</em></strong></span> <span class='ocrx_word' id='word_1_45' title='bbox 697 1040 902 1124; x_wconf 72' lang='lat' dir='ltr'><strong>Aristarchum</strong></span> <span class='ocrx_word' id='word_1_46' title='bbox 930 1049 961 1103; x_wconf 90' lang='lat' dir='ltr'><strong>et</strong></span> <span class='ocrx_word' id='word_1_47' title='bbox 990 1037 1182 1122; x_wconf 81' lang='lat' dir='ltr'><strong>Alexionem,</strong></span> 
     </span>
     <span class='ocr_line' id='line_1_7' title="bbox 85 1134 1185 1228; baseline -0.003 -20"><span class='ocrx_word' id='word_1_48' title='bbox 85 1153 198 1208; x_wconf 87' lang='lat' dir='ltr'><strong>utrum</strong></span> <span class='ocrx_word' id='word_1_49' title='bbox 222 1143 407 1206; x_wconf 75' lang='lat' dir='ltr'><strong>anteferrent</strong></span> <span class='ocrx_word' id='word_1_50' title='bbox 429 1139 591 1204; x_wconf 81' lang='lat' dir='ltr'><strong>dubitasse.</strong></span> <span class='ocrx_word' id='word_1_51' title='bbox 636 1142 739 1204; x_wconf 88' lang='lat' dir='ltr'><strong>Lectio</strong></span> <span class='ocrx_word' id='word_1_52' title='bbox 754 1134 810 1206; x_wconf 72' lang='lat' dir='ltr'><strong>dud</strong></span> <span class='ocrx_word' id='word_1_53' title='bbox 828 1135 967 1222; x_wconf 76' lang='grc' dir='ltr'><strong><em>σπιδέος,</em></strong></span> <span class='ocrx_word' id='word_1_54' title='bbox 989 1139 1008 1205; x_wconf 89' lang='lat' dir='ltr'><strong>i.</strong></span> <span class='ocrx_word' id='word_1_55' title='bbox 1023 1163 1050 1206; x_wconf 89' lang='lat' dir='ltr'><strong>e.</strong></span> <span class='ocrx_word' id='word_1_56' title='bbox 1063 1139 1185 1228; x_wconf 78' lang='grc' dir='ltr'><strong><em>μακροῦ</em></strong></span> 
     </span>
     <span class='ocr_line' id='line_1_8' title="bbox 91 1241 1281 1324; baseline -0.003 -12"><span class='ocrx_word' id='word_1_57' title='bbox 91 1244 153 1312; x_wconf 81' lang='grc' dir='ltr'><strong>καὶ</strong></span> <span class='ocrx_word' id='word_1_58' title='bbox 175 1243 306 1324; x_wconf 81' lang='grc' dir='ltr'><strong><em>πολλοῦ,</em></strong></span> <span class='ocrx_word' id='word_1_59' title='bbox 328 1263 402 1308; x_wconf 86' lang='lat' dir='ltr'><strong>vera</strong></span> <span class='ocrx_word' id='word_1_60' title='bbox 424 1243 543 1307; x_wconf 89' lang='lat' dir='ltr'><strong>videtur</strong></span> <span class='ocrx_word' id='word_1_61' title='bbox 550 1263 559 1320; x_wconf 92' lang='lat'>;</span> <span class='ocrx_word' id='word_1_62' title='bbox 590 1243 754 1307; x_wconf 87' lang='lat' dir='ltr'><strong>derivanda</strong></span> <span class='ocrx_word' id='word_1_63' title='bbox 783 1246 861 1307; x_wconf 90' lang='lat' dir='ltr'><strong>enim</strong></span> <span class='ocrx_word' id='word_1_64' title='bbox 883 1253 930 1308; x_wconf 90' lang='lat' dir='ltr'><strong>est</strong></span> <span class='ocrx_word' id='word_1_65' title='bbox 953 1263 1012 1308; x_wconf 85' lang='lat' dir='ltr'><strong>vox</strong></span> <span class='ocrx_word' id='word_1_66' title='bbox 1035 1263 1051 1308; x_wconf 86' lang='lat' dir='ltr'><strong>a</strong></span> <span class='ocrx_word' id='word_1_67' title='bbox 1073 1241 1185 1323; x_wconf 83' lang='grc' dir='ltr'><strong><em>σιτίζο,</em></strong></span> <span class='ocrx_word' id='word_1_68' title='bbox 1278 1259 1281 1262; x_wconf 87' lang='grc'><em>·</em></span> 
     </span>
     <span class='ocr_line' id='line_1_9' title="bbox 91 1337 1183 1433; baseline 0 -21"><span class='ocrx_word' id='word_1_69' title='bbox 91 1349 181 1432; x_wconf 92' lang='lat' dir='ltr'><strong>quod</strong></span> <span class='ocrx_word' id='word_1_70' title='bbox 204 1349 353 1429; x_wconf 82' lang='lat' dir='ltr'><strong>significat</strong></span> <span class='ocrx_word' id='word_1_71' title='bbox 375 1341 522 1412; x_wconf 72' lang='grc' dir='ltr'><strong><em>ἐκτείνειν</em></strong></span> <span class='ocrx_word' id='word_1_72' title='bbox 542 1344 594 1412; x_wconf 84' lang='grc' dir='ltr'><strong>καὶ</strong></span> <span class='ocrx_word' id='word_1_73' title='bbox 615 1337 776 1433; x_wconf 54' lang='lat' dir='ltr'><strong>phuthae-</strong></span> <span class='ocrx_word' id='word_1_74' title='bbox 806 1351 856 1428; x_wconf 90' lang='lat' dir='ltr'><strong>qui</strong></span> <span class='ocrx_word' id='word_1_75' title='bbox 884 1347 995 1410; x_wconf 86' lang='lat' dir='ltr'><strong>malunt</strong></span> <span class='ocrx_word' id='word_1_76' title='bbox 1015 1338 1183 1426; x_wconf 72' lang='grc' dir='ltr'><strong><em>ασπιίέος,</em></strong></span> 
     </span>
    </p>

    <p class='ocr_par' dir='ltr' id='par_1_2' title="bbox 91 1441 1255 1738">
     <span class='ocr_line' id='line_1_10' title="bbox 92 1441 1185 1534; baseline -0.002 -20"><span class='ocrx_word' id='word_1_77' title='bbox 92 1451 134 1516; x_wconf 88' lang='lat' dir='ltr'><strong>ad</strong></span> <span class='ocrx_word' id='word_1_78' title='bbox 160 1441 258 1526; x_wconf 79' lang='grc' dir='ltr'><strong><em>αἷσπίς</em></strong></span> <span class='ocrx_word' id='word_1_79' title='bbox 277 1449 477 1534; x_wconf 79' lang='lat' dir='ltr'><strong>respicientes</strong></span> <span class='ocrx_word' id='word_1_80' title='bbox 494 1452 727 1530; x_wconf 87' lang='lat' dir='ltr'><strong>interpretantur</strong></span> <span class='ocrx_word' id='word_1_81' title='bbox 749 1467 905 1531; x_wconf 88' lang='lat' dir='ltr'><strong>campum</strong></span> <span class='ocrx_word' id='word_1_82' title='bbox 928 1450 1053 1532; x_wconf 83' lang='lat' dir='ltr'><strong>clypei</strong></span> <span class='ocrx_word' id='word_1_83' title='bbox 1074 1452 1185 1512; x_wconf 85' lang='lat' dir='ltr'><strong>instar</strong></span> 
     </span>
     <span class='ocr_line' id='line_1_11' title="bbox 91 1535 1255 1634; baseline -0.005 -17"><span class='ocrx_word' id='word_1_84' title='bbox 91 1563 282 1618; x_wconf 86' lang='lat' dir='ltr'><strong>curvatum</strong></span> <span class='ocrx_word' id='word_1_85' title='bbox 300 1561 349 1617; x_wconf 88' lang='lat' dir='ltr'><strong>aut</strong></span> <span class='ocrx_word' id='word_1_86' title='bbox 365 1571 556 1616; x_wconf 87' lang='lat' dir='ltr'><strong>caesorum</strong></span> <span class='ocrx_word' id='word_1_87' title='bbox 572 1553 861 1634; x_wconf 80' lang='lat' dir='ltr'><strong>fugientiumque</strong></span> <span class='ocrx_word' id='word_1_88' title='bbox 882 1545 995 1615; x_wconf 87' lang='lat' dir='ltr'><strong>scutis</strong></span> <span class='ocrx_word' id='word_1_89' title='bbox 1011 1535 1182 1615; x_wconf 85' lang='lat' dir='ltr'><strong>obrutum.</strong></span> <span class='ocrx_word' id='word_1_90' title='bbox 1247 1599 1255 1610; x_wconf 76' lang='grc'><strong><em>,</em></strong></span> 
     </span>
     <span class='ocr_line' id='line_1_12' title="bbox 94 1653 1183 1738; baseline -0.005 -15"><span class='ocrx_word' id='word_1_91' title='bbox 94 1657 162 1724; x_wconf 85' lang='lat' dir='ltr'><strong>Sed</strong></span> <span class='ocrx_word' id='word_1_92' title='bbox 186 1673 380 1738; x_wconf 86' lang='lat' dir='ltr'><strong>quaecunque</strong></span> <span class='ocrx_word' id='word_1_93' title='bbox 403 1655 525 1719; x_wconf 83' lang='lat' dir='ltr'><strong>Homeri</strong></span> <span class='ocrx_word' id='word_1_94' title='bbox 548 1665 593 1717; x_wconf 89' lang='lat' dir='ltr'><strong>est</strong></span> <span class='ocrx_word' id='word_1_95' title='bbox 609 1656 772 1735; x_wconf 88' lang='lat' dir='ltr'><strong>scriptura,</strong></span> <span class='ocrx_word' id='word_1_96' title='bbox 796 1653 964 1717; x_wconf 78' lang='lat' dir='ltr'><strong>Antimaciai</strong></span> <span class='ocrx_word' id='word_1_97' title='bbox 979 1654 1122 1718; x_wconf 85' lang='lat' dir='ltr'><strong>habemus</strong></span> <span class='ocrx_word' id='word_1_98' title='bbox 1146 1655 1183 1718; x_wconf 87' lang='lat' dir='ltr'><strong>de</strong></span> 
     </span>
    </p>

    <p class='ocr_par' dir='ltr' id='par_1_3' title="bbox 98 1737 1139 1837">
     <span class='ocr_line' id='line_1_13' title="bbox 98 1737 1139 1837; baseline -0.002 -15"><span class='ocrx_word' id='word_1_99' title='bbox 98 1778 140 1822; x_wconf 88' lang='lat' dir='ltr'><strong>eo</strong></span> <span class='ocrx_word' id='word_1_100' title='bbox 161 1761 230 1824; x_wconf 89' lang='lat' dir='ltr'><strong>loco</strong></span> <span class='ocrx_word' id='word_1_101' title='bbox 252 1761 429 1824; x_wconf 87' lang='lat' dir='ltr'><strong>sententiam</strong></span> <span class='ocrx_word' id='word_1_102' title='bbox 451 1757 646 1837; x_wconf 86' lang='lat' dir='ltr'><strong>eiusdemque</strong></span> <span class='ocrx_word' id='word_1_103' title='bbox 674 1756 809 1819; x_wconf 88' lang='lat' dir='ltr'><strong>videmus</strong></span> <span class='ocrx_word' id='word_1_104' title='bbox 836 1759 919 1820; x_wconf 90' lang='lat' dir='ltr'><strong>vocis</strong></span> <span class='ocrx_word' id='word_1_105' title='bbox 943 1756 1021 1820; x_wconf 90' lang='lat' dir='ltr'><strong>illius</strong></span> <span class='ocrx_word' id='word_1_106' title='bbox 1035 1737 1139 1822; x_wconf 84' lang='lat' dir='ltr'><strong>usum.</strong></span> 
     </span>
    </p>
   </div>
   <div class='ocr_carea' id='block_1_2' title="bbox 517 1953 753 2034">
    <p class='ocr_par' dir='ltr' id='par_1_4' title="bbox 517 1953 753 2034">
     <span class='ocr_line' id='line_1_14' title="bbox 517 1953 753 2034; baseline 0.013 -16"><span class='ocrx_word' id='word_1_107' title='bbox 517 1953 586 2018; x_wconf 81' lang='lat' dir='ltr'><strong>cit.</strong></span> <span class='ocrx_word' id='word_1_108' title='bbox 632 1968 677 2033; x_wconf 82' lang='grc' dir='ltr'><strong>(ο.</strong></span> <span class='ocrx_word' id='word_1_109' title='bbox 696 1969 753 2034; x_wconf 78' lang='lat' dir='ltr'><strong>aa.)</strong></span> 
     </span>
    </p>
   </div>
   <div class='ocr_carea' id='block_1_3' title="bbox 204 2107 483 2208">
    <p class='ocr_par' dir='ltr' id='par_1_5' title="bbox 204 2107 483 2208">
     <span class='ocr_line' id='line_1_15' title="bbox 204 2107 483 2208; baseline -0.014 -21"><span class='ocrx_word' id='word_1_110' title='bbox 204 2114 251 2208; x_wconf 60' lang='lat' dir='ltr'><strong>qap*</strong></span> <span class='ocrx_word' id='word_1_111' title='bbox 271 2107 369 2206; x_wconf 62' lang='grc' dir='ltr'><strong><em>ρ’ἐριοι·</em></strong></span> <span class='ocrx_word' id='word_1_112' title='bbox 392 2110 483 2188; x_wconf 83' lang='grc' dir='ltr'><strong><em>οἷσιν.</em></strong></span> 
     </span>
    </p>
   </div>
   <div class='ocr_carea' id='block_1_4' title="bbox 1 2281 1229 4226">
    <p class='ocr_par' dir='ltr' id='par_1_6' title="bbox 1 2281 1229 4226">
     <span class='ocr_line' id='line_1_16' title="bbox 189 2281 1185 2363; baseline -0.007 -17"><span class='ocrx_word' id='word_1_113' title='bbox 189 2283 260 2348; x_wconf 84' lang='lat' dir='ltr'><strong>ibid.</strong></span> <span class='ocrx_word' id='word_1_114' title='bbox 284 2283 320 2346; x_wconf 87' lang='lat' dir='ltr'><strong>ad</strong></span> <span class='ocrx_word' id='word_1_115' title='bbox 343 2281 375 2345; x_wconf 85' lang='lat'><strong>11.</strong></span> <span class='ocrx_word' id='word_1_116' title='bbox 398 2281 476 2360; x_wconf 82' lang='lat' dir='ltr'><strong>xiv,</strong></span> <span class='ocrx_word' id='word_1_117' title='bbox 500 2281 574 2344; x_wconf 66' lang='lat'><strong>499.</strong></span> <span class='ocrx_word' id='word_1_118' title='bbox 599 2281 671 2344; x_wconf 85' lang='grc'><strong>500.</strong></span> <span class='ocrx_word' id='word_1_119' title='bbox 706 2281 824 2346; x_wconf 88' lang='lat' dir='ltr'><strong>Scholia</strong></span> <span class='ocrx_word' id='word_1_120' title='bbox 852 2281 1036 2363; x_wconf 84' lang='lat' dir='ltr'><strong>persuadere</strong></span> <span class='ocrx_word' id='word_1_121' title='bbox 1063 2281 1185 2343; x_wconf 87' lang='lat' dir='ltr'><strong>student</strong></span> 
     </span>
     <span class='ocr_line' id='line_1_17' title="bbox 104 2367 1184 2472; baseline -0.006 -22"><span class='ocrx_word' id='word_1_122' title='bbox 104 2388 263 2452; x_wconf 85' lang='lat' dir='ltr'><strong>Honterum</strong></span> <span class='ocrx_word' id='word_1_123' title='bbox 287 2405 393 2449; x_wconf 87' lang='lat' dir='ltr'><strong>vocem</strong></span> <span class='ocrx_word' id='word_1_124' title='bbox 416 2373 472 2472; x_wconf 72' lang='grc' dir='ltr'><strong>φή,</strong></span> <span class='ocrx_word' id='word_1_125' title='bbox 497 2404 583 2465; x_wconf 87' lang='lat' dir='ltr'><strong>quam</strong></span> <span class='ocrx_word' id='word_1_126' title='bbox 604 2367 775 2448; x_wconf 79' lang='lat' dir='ltr'><strong>Zenodotuis</strong></span> <span class='ocrx_word' id='word_1_127' title='bbox 798 2386 828 2445; x_wconf 92' lang='lat' dir='ltr'><strong>in</strong></span> <span class='ocrx_word' id='word_1_128' title='bbox 850 2384 883 2446; x_wconf 92' lang='lat' dir='ltr'><strong>ll.</strong></span> <span class='ocrx_word' id='word_1_129' title='bbox 901 2384 936 2462; x_wconf 85' lang='lat' dir='ltr'><strong>H,</strong></span> <span class='ocrx_word' id='word_1_130' title='bbox 961 2383 1031 2446; x_wconf 76' lang='lat' dir='ltr'><strong>idi.</strong></span> <span class='ocrx_word' id='word_1_131' title='bbox 1056 2383 1184 2462; x_wconf 65' lang='lat' dir='ltr'><strong>ccxlv,</strong></span> 
     </span>
     <span class='ocr_line' id='line_1_18' title="bbox 104 2477 1184 2572; baseline -0.002 -22"><span class='ocrx_word' id='word_1_132' title='bbox 104 2491 176 2551; x_wconf 77' lang='lat' dir='ltr'><strong>aaa.</strong></span> <span class='ocrx_word' id='word_1_133' title='bbox 199 2490 346 2566; x_wconf 85' lang='lat' dir='ltr'><strong>tuebatur,</strong></span> <span class='ocrx_word' id='word_1_134' title='bbox 370 2489 561 2552; x_wconf 78' lang='lat' dir='ltr'><strong>Aristarchus</strong></span> <span class='ocrx_word' id='word_1_135' title='bbox 583 2487 701 2564; x_wconf 84' lang='lat' dir='ltr'><strong>reiecit,</strong></span> <span class='ocrx_word' id='word_1_136' title='bbox 725 2506 785 2549; x_wconf 95' lang='lat' dir='ltr'><strong>non</strong></span> <span class='ocrx_word' id='word_1_137' title='bbox 808 2504 974 2572; x_wconf 69' lang='lat' dir='ltr'><strong>cognosse.</strong></span> <span class='ocrx_word' id='word_1_138' title='bbox 1016 2490 1048 2549; x_wconf 91' lang='lat' dir='ltr'><strong>V.</strong></span> <span class='ocrx_word' id='word_1_139' title='bbox 1072 2485 1143 2548; x_wconf 83' lang='lat' dir='ltr'><strong>d99.</strong></span> <span class='ocrx_word' id='word_1_140' title='bbox 1167 2477 1184 2548; x_wconf 88' lang='grc' dir='ltr'>ὁ</span> 
     </span>
     <span class='ocr_line' id='line_1_19' title="bbox 104 2580 1182 2678; baseline -0.006 -20"><span class='ocrx_word' id='word_1_141' title='bbox 104 2585 239 2678; x_wconf 52' lang='grc' dir='ltr'><strong><em>ποιητοῖς</em></strong></span> <span class='ocrx_word' id='word_1_142' title='bbox 261 2585 413 2658; x_wconf 70' lang='lat' dir='ltr'><strong>addicere</strong></span> <span class='ocrx_word' id='word_1_143' title='bbox 428 2581 496 2656; x_wconf 76' lang='grc' dir='ltr'><strong><em>οἶδε</em></strong></span> <span class='ocrx_word' id='word_1_144' title='bbox 517 2583 556 2655; x_wconf 75' lang='grc' dir='ltr'><strong>τό</strong></span> <span class='ocrx_word' id='word_1_145' title='bbox 577 2583 624 2678; x_wconf 70' lang='grc' dir='ltr'><strong>φῆ</strong></span> <span class='ocrx_word' id='word_1_146' title='bbox 647 2581 715 2655; x_wconf 68' lang='grc' dir='ltr'><strong><em>ἀντὶ</em></strong></span> <span class='ocrx_word' id='word_1_147' title='bbox 725 2587 783 2653; x_wconf 82' lang='grc' dir='ltr'><strong>τοῦ</strong></span> <span class='ocrx_word' id='word_1_148' title='bbox 804 2582 860 2668; x_wconf 80' lang='grc' dir='ltr'><strong>ὠς,</strong></span> <span class='ocrx_word' id='word_1_149' title='bbox 883 2585 915 2654; x_wconf 78' lang='lat' dir='ltr'><strong>ol</strong></span> <span class='ocrx_word' id='word_1_150' title='bbox 936 2585 973 2652; x_wconf 72' lang='lat' dir='ltr'><strong>dd</strong></span> <span class='ocrx_word' id='word_1_151' title='bbox 986 2580 1055 2670; x_wconf 79' lang='grc' dir='ltr'><strong>μετ’</strong></span> <span class='ocrx_word' id='word_1_152' title='bbox 1077 2581 1182 2664; x_wconf 73' lang='grc' dir='ltr'><strong><em>αὐτὸν,</em></strong></span> 
     </span>
     <span class='ocr_line' id='line_1_20' title="bbox 101 2687 1182 2782; baseline -0.004 -24"><span class='ocrx_word' id='word_1_153' title='bbox 101 2688 223 2782; x_wconf 79' lang='grc' dir='ltr'><strong><em>ὥςπερ</em></strong></span> <span class='ocrx_word' id='word_1_154' title='bbox 253 2687 470 2777; x_wconf 75' lang='grc' dir='ltr'><strong><em>Ἀντίμαχος</em></strong></span> <span class='ocrx_word' id='word_1_155' title='bbox 506 2692 568 2761; x_wconf 82' lang='grc' dir='ltr'><strong>καί</strong></span> <span class='ocrx_word' id='word_1_156' title='bbox 596 2689 746 2777; x_wconf 81' lang='grc' dir='ltr'><strong><em>οἱπερὶ</em></strong></span> <span class='ocrx_word' id='word_1_157' title='bbox 775 2688 1028 2772; x_wconf 81' lang='grc' dir='ltr'><strong><em>Καλλίμαχον.</em></strong></span> <span class='ocrx_word' id='word_1_158' title='bbox 1057 2711 1085 2752; x_wconf 86' lang='grc' dir='ltr'><strong>ν.</strong></span> <span class='ocrx_word' id='word_1_159' title='bbox 1109 2689 1182 2754; x_wconf 89' lang='grc'><strong>500.</strong></span> 
     </span>
     <span class='ocr_line' id='line_1_21' title="bbox 103 2785 1185 2884; baseline -0.006 -22"><span class='ocrx_word' id='word_1_160' title='bbox 103 2790 256 2864; x_wconf 74' lang='grc' dir='ltr'><strong><em>οὐδέποτε</em></strong></span> <span class='ocrx_word' id='word_1_161' title='bbox 277 2795 314 2863; x_wconf 82' lang='lat' dir='ltr'><strong>dd</strong></span> <span class='ocrx_word' id='word_1_162' title='bbox 329 2791 466 2884; x_wconf 82' lang='grc' dir='ltr'><strong><em>Ὄμηρος</em></strong></span> <span class='ocrx_word' id='word_1_163' title='bbox 485 2789 524 2861; x_wconf 81' lang='grc' dir='ltr'><strong>τὸ</strong></span> <span class='ocrx_word' id='word_1_164' title='bbox 546 2788 593 2884; x_wconf 74' lang='grc' dir='ltr'><strong>φῆ</strong></span> <span class='ocrx_word' id='word_1_165' title='bbox 615 2787 685 2863; x_wconf 74' lang='grc' dir='ltr'><strong><em>ἀντὶ</em></strong></span> <span class='ocrx_word' id='word_1_166' title='bbox 705 2793 763 2859; x_wconf 83' lang='grc' dir='ltr'><strong>τοῦ</strong></span> <span class='ocrx_word' id='word_1_167' title='bbox 783 2785 827 2870; x_wconf 75' lang='grc' dir='ltr'><strong>τίς</strong></span> <span class='ocrx_word' id='word_1_168' title='bbox 847 2789 987 2873; x_wconf 76' lang='grc' dir='ltr'><strong><em>τέταχεν·</em></strong></span> <span class='ocrx_word' id='word_1_169' title='bbox 1016 2791 1122 2868; x_wconf 77' lang='grc' dir='ltr'><strong><em>-ίσονς</em></strong></span> <span class='ocrx_word' id='word_1_170' title='bbox 1143 2788 1185 2856; x_wconf 80' lang='lat' dir='ltr'><strong>dt</strong></span> 
     </span>
     <span class='ocr_line' id='line_1_22' title="bbox 102 2884 1182 2986; baseline -0.007 -20"><span class='ocrx_word' id='word_1_171' title='bbox 102 2900 163 2968; x_wconf 80' lang='grc' dir='ltr'><strong>καί</strong></span> <span class='ocrx_word' id='word_1_172' title='bbox 182 2892 408 2983; x_wconf 76' lang='grc' dir='ltr'><strong><em>Ἀντίμαχος</em></strong></span> <span class='ocrx_word' id='word_1_173' title='bbox 429 2890 643 2986; x_wconf 73' lang='grc' dir='ltr'><strong><em>ἐπλανήθη,</em></strong></span> <span class='ocrx_word' id='word_1_174' title='bbox 674 2890 744 2986; x_wconf 67' lang='lat' dir='ltr'><strong>„qap</strong></span> <span class='ocrx_word' id='word_1_175' title='bbox 770 2894 884 2986; x_wconf 80' lang='grc' dir='ltr'><strong><em>γέρων</em></strong></span> <span class='ocrx_word' id='word_1_176' title='bbox 913 2886 1031 2961; x_wconf 55' lang='lat' dir='ltr'><strong>oluff</strong></span> <span class='ocrx_word' id='word_1_177' title='bbox 1059 2884 1182 2961; x_wconf 80' lang='grc' dir='ltr'><strong><em>εἰπών.</em></strong></span> 
     </span>
     <span class='ocr_line' id='line_1_23' title="bbox 104 2997 1185 3085; baseline -0.008 -16"><span class='ocrx_word' id='word_1_178' title='bbox 104 3005 296 3070; x_wconf 80' lang='lat' dir='ltr'><strong>Antimachus</strong></span> <span class='ocrx_word' id='word_1_179' title='bbox 319 3003 424 3085; x_wconf 81' lang='lat' dir='ltr'><strong>igitur,</strong></span> <span class='ocrx_word' id='word_1_180' title='bbox 447 3005 488 3066; x_wconf 89' lang='lat' dir='ltr'><strong>ait</strong></span> <span class='ocrx_word' id='word_1_181' title='bbox 510 3002 691 3080; x_wconf 82' lang='lat' dir='ltr'><strong>Scholiasta,</strong></span> <span class='ocrx_word' id='word_1_182' title='bbox 713 3019 806 3084; x_wconf 88' lang='lat' dir='ltr'><strong>prava</strong></span> <span class='ocrx_word' id='word_1_183' title='bbox 829 2999 885 3062; x_wconf 93' lang='lat' dir='ltr'><strong>ista</strong></span> <span class='ocrx_word' id='word_1_184' title='bbox 910 2999 942 3062; x_wconf 91' lang='lat' dir='ltr'><strong>in</strong></span> <span class='ocrx_word' id='word_1_185' title='bbox 964 2999 1096 3062; x_wconf 86' lang='lat' dir='ltr'><strong>Homero</strong></span> <span class='ocrx_word' id='word_1_186' title='bbox 1118 2997 1185 3062; x_wconf 87' lang='lat' dir='ltr'><strong>icc-</strong></span> 
     </span>
     <span class='ocr_line' id='line_1_24' title="bbox 106 3101 1185 3186; baseline -0.004 -15"><span class='ocrx_word' id='word_1_187' title='bbox 106 3110 184 3171; x_wconf 87' lang='lat' dir='ltr'><strong>tione</strong></span> <span class='ocrx_word' id='word_1_188' title='bbox 207 3108 349 3171; x_wconf 85' lang='lat' dir='ltr'><strong>seductus</strong></span> <span class='ocrx_word' id='word_1_189' title='bbox 373 3105 452 3170; x_wconf 83' lang='lat' dir='ltr'><strong>iaiso</strong></span> <span class='ocrx_word' id='word_1_190' title='bbox 470 3106 500 3168; x_wconf 92' lang='lat' dir='ltr'><strong>id</strong></span> <span class='ocrx_word' id='word_1_191' title='bbox 522 3103 698 3168; x_wconf 83' lang='lat' dir='ltr'><strong>vocabulum</strong></span> <span class='ocrx_word' id='word_1_192' title='bbox 721 3103 853 3168; x_wconf 86' lang='lat' dir='ltr'><strong>adhibuit</strong></span> <span class='ocrx_word' id='word_1_193' title='bbox 881 3104 912 3165; x_wconf 94' lang='lat' dir='ltr'><strong>in</strong></span> <span class='ocrx_word' id='word_1_194' title='bbox 938 3104 1000 3166; x_wconf 88' lang='lat' dir='ltr'><strong>suis</strong></span> <span class='ocrx_word' id='word_1_195' title='bbox 1027 3101 1185 3186; x_wconf 88' lang='lat' dir='ltr'><strong>poematis.</strong></span> 
     </span>
     <span class='ocr_line' id='line_1_25' title="bbox 106 3196 1184 3292; baseline -0.006 -17"><span class='ocrx_word' id='word_1_196' title='bbox 106 3211 162 3278; x_wconf 84' lang='lat' dir='ltr'><strong>Sed</strong></span> <span class='ocrx_word' id='word_1_197' title='bbox 183 3210 293 3276; x_wconf 87' lang='lat' dir='ltr'><strong>Buttm.</strong></span> <span class='ocrx_word' id='word_1_198' title='bbox 316 3209 429 3286; x_wconf 83' lang='lat' dir='ltr'><strong>(Lexil.</strong></span> <span class='ocrx_word' id='word_1_199' title='bbox 452 3209 475 3289; x_wconf 90' lang='lat'><strong>1,</strong></span> <span class='ocrx_word' id='word_1_200' title='bbox 496 3229 526 3291; x_wconf 93' lang='lat' dir='ltr'><strong>p.</strong></span> <span class='ocrx_word' id='word_1_201' title='bbox 544 3207 605 3270; x_wconf 83' lang='grc'><strong>130</strong></span> <span class='ocrx_word' id='word_1_202' title='bbox 619 3211 705 3288; x_wconf 87' lang='lat' dir='ltr'><strong>sqq.)</strong></span> <span class='ocrx_word' id='word_1_203' title='bbox 727 3206 902 3288; x_wconf 83' lang='lat' dir='ltr'><strong>particulam</strong></span> <span class='ocrx_word' id='word_1_204' title='bbox 924 3196 981 3292; x_wconf 77' lang='grc' dir='ltr'><strong>φή,</strong></span> <span class='ocrx_word' id='word_1_205' title='bbox 1002 3207 1184 3269; x_wconf 80' lang='lat' dir='ltr'><strong>rarissimam</strong></span> 
     </span>
     <span class='ocr_line' id='line_1_26' title="bbox 108 3307 1185 3396; baseline -0.004 -19"><span class='ocrx_word' id='word_1_206' title='bbox 108 3315 232 3395; x_wconf 83' lang='lat' dir='ltr'><strong>quidem-</strong></span> <span class='ocrx_word' id='word_1_207' title='bbox 243 3323 275 3378; x_wconf 87' lang='lat' dir='ltr'><strong>ct</strong></span> <span class='ocrx_word' id='word_1_208' title='bbox 296 3321 403 3394; x_wconf 88' lang='lat' dir='ltr'><strong>postea</strong></span> <span class='ocrx_word' id='word_1_209' title='bbox 419 3329 544 3396; x_wconf 88' lang='lat' dir='ltr'><strong>prorsus</strong></span> <span class='ocrx_word' id='word_1_210' title='bbox 560 3311 770 3389; x_wconf 86' lang='lat' dir='ltr'><strong>oblitteratam,</strong></span> <span class='ocrx_word' id='word_1_211' title='bbox 794 3329 833 3373; x_wconf 81' lang='lat' dir='ltr'><strong>en</strong></span> <span class='ocrx_word' id='word_1_212' title='bbox 845 3310 979 3372; x_wconf 85' lang='lat' dir='ltr'><strong>Homero</strong></span> <span class='ocrx_word' id='word_1_213' title='bbox 1000 3325 1060 3372; x_wconf 87' lang='lat' dir='ltr'><strong>non</strong></span> <span class='ocrx_word' id='word_1_214' title='bbox 1076 3307 1185 3373; x_wconf 78' lang='lat' dir='ltr'><strong>deua-</strong></span> 
     </span>
     <span class='ocr_line' id='line_1_27' title="bbox 107 3410 1179 3498; baseline -0.007 -20"><span class='ocrx_word' id='word_1_215' title='bbox 107 3418 171 3478; x_wconf 89' lang='lat' dir='ltr'><strong>dan·</strong></span> <span class='ocrx_word' id='word_1_216' title='bbox 188 3435 276 3495; x_wconf 84' lang='lat' dir='ltr'><strong>esse,</strong></span> <span class='ocrx_word' id='word_1_217' title='bbox 299 3432 476 3498; x_wconf 86' lang='lat' dir='ltr'><strong>quamquam</strong></span> <span class='ocrx_word' id='word_1_218' title='bbox 498 3416 656 3497; x_wconf 80' lang='lat' dir='ltr'><strong>Spitanero</strong></span> <span class='ocrx_word' id='word_1_219' title='bbox 684 3421 872 3496; x_wconf 84' lang='lat' dir='ltr'><strong>repugnante</strong></span> <span class='ocrx_word' id='word_1_220' title='bbox 903 3411 975 3488; x_wconf 88' lang='lat' dir='ltr'><strong>(Ed.</strong></span> <span class='ocrx_word' id='word_1_221' title='bbox 999 3410 1179 3472; x_wconf 73' lang='lat' dir='ltr'><strong>Hormidac.</strong></span> 
     </span>
     <span class='ocr_line' id='line_1_28' title="bbox 107 3515 1183 3598; baseline -0.007 -16"><span class='ocrx_word' id='word_1_222' title='bbox 107 3521 227 3598; x_wconf 57' lang='lat' dir='ltr'><strong>XXV),</strong></span> <span class='ocrx_word' id='word_1_223' title='bbox 251 3519 379 3582; x_wconf 84' lang='lat' dir='ltr'><strong>dilucide</strong></span> <span class='ocrx_word' id='word_1_224' title='bbox 402 3518 542 3582; x_wconf 86' lang='lat' dir='ltr'><strong>ostendit.</strong></span> <span class='ocrx_word' id='word_1_225' title='bbox 587 3518 781 3581; x_wconf 84' lang='lat' dir='ltr'><strong>Antimachus</strong></span> <span class='ocrx_word' id='word_1_226' title='bbox 797 3517 936 3597; x_wconf 90' lang='lat' dir='ltr'><strong>quoniam</strong></span> <span class='ocrx_word' id='word_1_227' title='bbox 949 3515 1070 3592; x_wconf 87' lang='lat' dir='ltr'><strong>antiqua</strong></span> <span class='ocrx_word' id='word_1_228' title='bbox 1091 3517 1183 3592; x_wconf 80' lang='lat' dir='ltr'><strong>atque</strong></span> 
     </span>
     <span class='ocr_line' id='line_1_29' title="bbox 106 3609 1182 3706; baseline -0.009 -22"><span class='ocrx_word' id='word_1_229' title='bbox 106 3631 171 3685; x_wconf 78' lang='lat' dir='ltr'><strong>rara</strong></span> <span class='ocrx_word' id='word_1_230' title='bbox 192 3621 368 3702; x_wconf 81' lang='lat' dir='ltr'><strong>quaerebat,</strong></span> <span class='ocrx_word' id='word_1_231' title='bbox 393 3623 525 3703; x_wconf 85' lang='lat' dir='ltr'><strong>suscepit</strong></span> <span class='ocrx_word' id='word_1_232' title='bbox 546 3637 652 3683; x_wconf 85' lang='lat' dir='ltr'><strong>vocem</strong></span> <span class='ocrx_word' id='word_1_233' title='bbox 674 3609 731 3706; x_wconf 72' lang='lat' dir='ltr'><strong>qd.</strong></span> <span class='ocrx_word' id='word_1_234' title='bbox 776 3619 861 3682; x_wconf 89' lang='lat' dir='ltr'><strong>Hunc</strong></span> <span class='ocrx_word' id='word_1_235' title='bbox 882 3621 1002 3678; x_wconf 89' lang='lat' dir='ltr'><strong>secutus</strong></span> <span class='ocrx_word' id='word_1_236' title='bbox 1023 3622 1071 3676; x_wconf 90' lang='lat' dir='ltr'><strong>est</strong></span> <span class='ocrx_word' id='word_1_237' title='bbox 1087 3612 1182 3675; x_wconf 79' lang='lat' dir='ltr'><strong>cntr-</strong></span> 
     </span>
     <span class='ocr_line' id='line_1_30' title="bbox 107 3715 1180 3803; baseline -0.01 -15"><span class='ocrx_word' id='word_1_238' title='bbox 107 3725 233 3803; x_wconf 81' lang='lat' dir='ltr'><strong>machus,</strong></span> <span class='ocrx_word' id='word_1_239' title='bbox 256 3726 315 3801; x_wconf 89' lang='lat' dir='ltr'><strong>oui,</strong></span> <span class='ocrx_word' id='word_1_240' title='bbox 337 3723 466 3786; x_wconf 78' lang='lat' dir='ltr'><strong>naonitus</strong></span> <span class='ocrx_word' id='word_1_241' title='bbox 488 3740 505 3785; x_wconf 85' lang='lat' dir='ltr'><strong>a</strong></span> <span class='ocrx_word' id='word_1_242' title='bbox 528 3721 586 3784; x_wconf 77' lang='lat' dir='ltr'><strong>&#39;th</strong></span> <span class='ocrx_word' id='word_1_243' title='bbox 602 3721 750 3803; x_wconf 80' lang='lat' dir='ltr'><strong>Bergine,</strong></span> <span class='ocrx_word' id='word_1_244' title='bbox 780 3721 978 3800; x_wconf 82' lang='lat' dir='ltr'><strong>fragmentum</strong></span> <span class='ocrx_word' id='word_1_245' title='bbox 997 3733 1013 3778; x_wconf 87' lang='lat' dir='ltr'><strong>a</strong></span> <span class='ocrx_word' id='word_1_246' title='bbox 1037 3715 1079 3778; x_wconf 92' lang='grc' dir='ltr'><strong>1ο.</strong></span> <span class='ocrx_word' id='word_1_247' title='bbox 1102 3715 1180 3778; x_wconf 87' lang='lat' dir='ltr'><strong>Ata-</strong></span> 
     </span>
     <span class='ocr_line' id='line_1_31' title="bbox 107 3819 1181 3907; baseline -0.009 -17"><span class='ocrx_word' id='word_1_248' title='bbox 107 3827 247 3890; x_wconf 79' lang='lat' dir='ltr'><strong>nandrino</strong></span> <span class='ocrx_word' id='word_1_249' title='bbox 269 3827 307 3889; x_wconf 90' lang='lat' dir='ltr'><strong>dc</strong></span> <span class='ocrx_word' id='word_1_250' title='bbox 330 3834 444 3889; x_wconf 83' lang='lat' dir='ltr'><strong>necent.</strong></span> <span class='ocrx_word' id='word_1_251' title='bbox 468 3843 497 3907; x_wconf 94' lang='lat' dir='ltr'><strong>p.</strong></span> <span class='ocrx_word' id='word_1_252' title='bbox 514 3825 565 3888; x_wconf 79' lang='grc'><strong>20.</strong></span> <span class='ocrx_word' id='word_1_253' title='bbox 587 3831 618 3888; x_wconf 87' lang='lat' dir='ltr'><strong>et</strong></span> <span class='ocrx_word' id='word_1_254' title='bbox 640 3823 691 3888; x_wconf 75' lang='grc'><strong>31.</strong></span> <span class='ocrx_word' id='word_1_255' title='bbox 710 3843 751 3885; x_wconf 79' lang='lat' dir='ltr'><strong>ex</strong></span> <span class='ocrx_word' id='word_1_256' title='bbox 772 3820 945 3884; x_wconf 84' lang='lat' dir='ltr'><strong>Herodiano</strong></span> <span class='ocrx_word' id='word_1_257' title='bbox 960 3820 1026 3882; x_wconf 89' lang='lat' dir='ltr'><strong>sine</strong></span> <span class='ocrx_word' id='word_1_258' title='bbox 1043 3819 1181 3898; x_wconf 39' lang='lat' dir='ltr'><strong>,annona</strong></span> 
     </span>
     <span class='ocr_line' id='line_1_32' title="bbox 107 3914 1229 4016; baseline -0.01 -23"><span class='ocrx_word' id='word_1_259' title='bbox 107 3933 221 3993; x_wconf 78' lang='lat' dir='ltr'><strong>namne</strong></span> <span class='ocrx_word' id='word_1_260' title='bbox 237 3931 283 3992; x_wconf 89' lang='lat' dir='ltr'><strong>his</strong></span> <span class='ocrx_word' id='word_1_261' title='bbox 300 3931 434 3993; x_wconf 85' lang='lat' dir='ltr'><strong>citatum=</strong></span> <span class='ocrx_word' id='word_1_262' title='bbox 457 3921 504 4016; x_wconf 75' lang='grc' dir='ltr'><strong>φῆ</strong></span> <span class='ocrx_word' id='word_1_263' title='bbox 518 3925 587 4003; x_wconf 81' lang='grc' dir='ltr'><strong><em>νίας</em></strong></span> <span class='ocrx_word' id='word_1_264' title='bbox 598 3919 655 3992; x_wconf 72' lang='grc' dir='ltr'><strong>οὐκ</strong></span> <span class='ocrx_word' id='word_1_265' title='bbox 667 3917 854 4007; x_wconf 74' lang='grc' dir='ltr'><strong><em>ἀπάλαμνος</em></strong></span> <span class='ocrx_word' id='word_1_266' title='bbox 864 3921 1012 3987; x_wconf 84' lang='lat' dir='ltr'><strong>adiudieo.</strong></span> <span class='ocrx_word' id='word_1_267' title='bbox 1024 3951 1065 3966; x_wconf 88' lang='lat'><strong>-·</strong></span> <span class='ocrx_word' id='word_1_268' title='bbox 1086 3920 1178 3984; x_wconf 89' lang='lat' dir='ltr'><strong>Anti-</strong></span> <span class='ocrx_word' id='word_1_269' title='bbox 1223 3914 1229 3922; x_wconf 83' lang='lat'>&#39;</span> 
     </span>
     <span class='ocr_line' id='line_1_33' title="bbox 1 4013 1178 4116; baseline -0.011 -19"><span class='ocrx_word' id='word_1_270' title='bbox 1 4113 2 4116; x_wconf 8' lang='grc' dir='ltr'><strong>Ἴ</strong></span> <span class='ocrx_word' id='word_1_271' title='bbox 107 4031 197 4096; x_wconf 84' lang='lat' dir='ltr'><strong>machi</strong></span> <span class='ocrx_word' id='word_1_272' title='bbox 215 4031 309 4096; x_wconf 81' lang='lat' dir='ltr'><strong>verba</strong></span> <span class='ocrx_word' id='word_1_273' title='bbox 324 4019 479 4095; x_wconf 80' lang='lat' dir='ltr'><strong>Heiskcrns</strong></span> <span class='ocrx_word' id='word_1_274' title='bbox 496 4031 619 4093; x_wconf 71' lang='lat' dir='ltr'><strong>scribite</strong></span> <span class='ocrx_word' id='word_1_275' title='bbox 640 4022 688 4116; x_wconf 69' lang='grc' dir='ltr'><strong>φῆ</strong></span> <span class='ocrx_word' id='word_1_276' title='bbox 704 4018 888 4115; x_wconf 77' lang='grc' dir='ltr'><strong><em>γεράνονοιν,</em></strong></span> <span class='ocrx_word' id='word_1_277' title='bbox 908 4025 1110 4088; x_wconf 75' lang='grc' dir='ltr'><strong><em>Βοῑοινονιοοεε</em></strong></span> <span class='ocrx_word' id='word_1_278' title='bbox 1130 4013 1178 4108; x_wconf 65' lang='lat' dir='ltr'><strong>pqi</strong></span> 
     </span>
     <span class='ocr_line' id='line_1_34' title="bbox 106 4113 1176 4226; baseline -0.013 -24"><span class='ocrx_word' id='word_1_279' title='bbox 106 4133 263 4226; x_wconf 74' lang='grc' dir='ltr'><strong><em>ραγέρννν</em></strong></span> <span class='ocrx_word' id='word_1_280' title='bbox 295 4125 390 4214; x_wconf 70' lang='grc' dir='ltr'><strong><em>οἷσιν,</em></strong></span> <span class='ocrx_word' id='word_1_281' title='bbox 417 4131 566 4216; x_wconf 76' lang='lat' dir='ltr'><strong>ltergttm</strong></span> <span class='ocrx_word' id='word_1_282' title='bbox 584 4131 798 4216; x_wconf 29' lang='lat' dir='ltr'><strong>&#39;inxepistoiat</strong></span> <span class='ocrx_word' id='word_1_283' title='bbox 828 4120 875 4216; x_wconf 68' lang='lat' dir='ltr'><strong>qn}</strong></span> <span class='ocrx_word' id='word_1_284' title='bbox 901 4123 938 4194; x_wconf 82' lang='lat' dir='ltr'><strong>dt</strong></span> <span class='ocrx_word' id='word_1_285' title='bbox 966 4123 1071 4218; x_wconf 76' lang='grc' dir='ltr'><strong><em>γέρων</em></strong></span> <span class='ocrx_word' id='word_1_286' title='bbox 1090 4113 1176 4190; x_wconf 73' lang='lat' dir='ltr'><strong>aiom.</strong></span> 
     </span>
    </p>
   </div>
   <div class='ocr_carea' id='block_1_5' title="bbox 0 0 1464 4868">
    <p class='ocr_par' dir='ltr' id='par_1_7' title="bbox 0 0 1464 4868">
     <span class='ocr_line' id='line_1_35' title="bbox 0 0 1464 4868; baseline 0 0"><span class='ocrx_word' id='word_1_287' title='bbox 0 0 1464 4868; x_wconf 95' lang='lat' dir='ltr'><strong> </strong></span> 
     </span>
    </p>
   </div>
  </div>
 </body>
</html>
