2936 4908
276 669 383 750 nyasin
413 675 444 730 et
472 667 634 730 Hesiodum
664 669 693 731 ei
721 663 1005 748 praeponerentw).
1049 663 1170 726 illorum
1199 665 1232 726 in'
1260 673 1372 746 partes

276 771 433 852 Antipater
446 770 733 848 Thessalonicensis,
758 771 807 850 qni
829 769 904 830 uiuit
920 767 1031 830 Tiberii
1047 767 1236 847 imperatoris
1252 776 1369 844 aetate,

275 873 408 951 accedit,
439 875 523 935 cuius
545 873 729 954 epigramma
751 886 840 952 snpra
863 870 1044 950 adscriptum
1072 887 1122 946 ea,
1154 887 1230 949 quae
1260 869 1311 932 alii
1336 873 1370 931 in

274 975 451 1040 Antimacho
474 976 691 1055 vituperarunt,
718 977 748 1036 in
771 974 836 1038 eius
858 972 974 1036 laudern
998 973 1102 1048 vertit,
1130 979 1161 1033 et
1184 973 1214 1034 in
1236 972 1369 1034 obnec-

275 1085 387 1140 tatores
412 1077 579 1140 Antimachi
601 1076 758 1139 invehitur.

363 1204 427 1266 lloc
450 1205 559 1283 studio,
584 1205 662 1285 quod
685 1207 715 1267 in
733 1204 939 1267 Antimachum
953 1203 1140 1266 contulerunt
1155 1201 1367 1281 Alexandrini,

194 1327 200 1334 ·
277 1305 468 1383 factumest,
498 1314 530 1368 ut
560 1325 648 1387 quum
672 1308 708 1369 ad
732 1309 863 1370 Graecas
889 1307 1001 1368 litteras
1023 1304 1147 1367 Romani
1171 1303 1366 1382 accederent,

276 1406 311 1468 ab
343 1407 554 1471 Alexandrinis
584 1409 777 1471 Antimachus
811 1409 933 1471 Romam
966 1409 1112 1479 transiret
1140 1414 1185 1483 et,
1205 1405 1365 1468 Ciceronis

275 1511 364 1588 eique
387 1513 530 1589 proximis
553 1513 737 1591 temporibus
760 1523 854 1592 opera
879 1512 944 1572 eius
974 1511 1135 1592 diligenter
1156 1509 1366 1570 lectitarentur

277 1619 306 1672 et
329 1629 345 1671 a
369 1614 467 1691 poetis
488 1614 636 1674 nonnullis
659 1611 800 1676 imitando
819 1614 1068 1694 exprimerentur.
1113 1611 1235 1672 Praeter
1257 1619 1364 1674 cetera

276 1720 374 1776 autem
395 1714 564 1776 Antimachi
586 1721 722 1794 poemata
744 1713 838 1795 tyle.
851 1733 918 1792 cnm
940 1715 1005 1777 aliis
1028 1714 1153 1775 aliorum
1176 1714 1365 1776 Graecorum

276 1816 419 1898 elegiacis
439 1816 617 1878 carminibus
641 1817 670 1877 in
692 1815 892 1880 Romanorum
913 1816 943 1878 id
965 1817 1108 1896 temporis
1136 1816 1271 1879 manibus
1296 1814 1363 1892 fuit,

275 1917 354 1996 quod
384 1936 423 1980 ex
454 1916 551 1981 Ovidii
579 1927 609 1981 et
638 1917 744 1994 Catndli
772 1920 907 1982 versibus
936 1937 1025 2000 supra
1055 1917 1150 1997 allatis
1174 1918 1361 1999 colligimus.

276 2017 383 2080 Cicero
406 2027 505 2088 autern
528 2021 557 2081 in
580 2021 670 2083 Bruto
697 2041 722 2084 c.
747 2021 799 2084 dl.
828 2021 942 2084 verbis:
973 2039 1133 2102 magnum
1156 2019 1247 2081 illud
1269 2021 1362 2100 quod

274 2122 427 2182 novistis
452 2121 636 2201 volumen,
672 2125 850 2206 significavit
887 2123 1076 2186 Thebaidem.
1120 2121 1168 2186 Ab
1203 2121 1361 2202 Augustea

274 2222 391 2284 tandem
414 2231 512 2286 aetate
534 2223 701 2289 Antimachi
717 2225 844 2288 studium
866 2225 944 2306 apud
962 2227 1112 2289 Romanos
1130 2225 1282 2307 paullatim
1301 2229 1361 2287 mi-

273 2326 436 2403 nuebatur,
468 2328 508 2388 ita
534 2335 566 2388 ut
592 2347 630 2390 ne
665 2346 772 2390 nomen
803 2327 921 2406 quidem
948 2329 1046 2390 multis
1078 2330 1229 2408 cognitum
1250 2337 1360 2402 ‘esset;

272 2427 341 2489 dum
374 2418 540 2491 Hadrianus
584 2432 745 2510 imperator
789 2430 919 2494 Homero
962 2450 1000 2492 ex
1034 2430 1184 2492 hominurn
1222 2430 1360 2492 manibus

682 409 722 423 ..
788 377 845 444 qq
910 411 949 420 -

275 575 471 646 receperunt,
494 567 533 627 ita
555 573 587 628 ut
609 565 745 650 plerique
768 563 915 627 secundas
937 564 966 624 ei
990 561 1211 640 deterrent⁴D,
1234 561 1372 624 alii-Pa-

1415 2541 1416 2600 l

1415 2627 1416 2674 l

294 2685 343 2752 d8)
363 2685 465 2746 Quintil.
484 2687 514 2752 X,
535 2689 558 2752 1,
582 2678 623 2742 53.

293 2798 341 2862 tlt)
360 2798 429 2850 Suid.
438 2817 463 2853 v.
482 2777 654 2862 Πανύασις·
666 2779 713 2850 Ἐν
728 2751 1357 2876 rdotqrcigcdrrerurpedl''beppomcerd
1415 2835 1416 2894 p

271 2865 306 2932 δέ
321 2891 408 2944 τινας
423 2867 475 2933 καὶ
489 2863 566 2950 μεθ’
583 2863 723 2935 Ἡσίοδον
735 2871 787 2934 καὶ
799 2863 988 2954 Ἀντίμαχον.
1019 2889 1082 2941 vide
1100 2907 1164 2959 quae
1177 2889 1359 2942 Taschirnems
1415 2911 1416 2940 r

270 2955 296 3003 in
315 2952 421 3018 Panyas.
441 2971 465 3020 p.
486 2953 527 3004 23.
546 2972 600 3022 sqq.
619 2955 776 3024 dequinque
790 2958 919 3023 epicorum
936 2961 1075 3027 principum
1093 2960 1181 3012 ordine
1197 2977 1210 3010 a
1226 2977 1358 3027 gramma-

211 3039 214 3052 =
270 3022 325 3072 ticis
344 3023 477 3092 constituto
500 3022 641 3090 disputavit.
682 3025 732 3076 Sex
755 3024 868 3076 diversos
892 3026 993 3078 ordines
1017 3037 1158 3092 enumerat,
1181 3045 1285 3098 quorum
1312 3047 1359 3080 se-

270 3105 367 3156 cundus
386 3121 417 3156 ex
436 3105 475 3157 Jo.
497 3104 612 3159 Tzetzae.
623 3109 712 3161 iambis
734 3092 806 3182 περὶ
824 3093 981 3183 διαφορᾶς
999 3095 1137 3182 ποιητῶν
1155 3121 1277 3180 sumptus,
1296 3117 1358 3182 quia

269 3181 361 3240 poetae
379 3175 404 3224 in
422 3175 564 3241 nominibus
582 3180 690 3244 propriis
709 3179 863 3232 collocandis
877 3184 948 3233 metri
969 3185 1119 3233 necessitate
1137 3184 1240 3234 coerciu'
1259 3190 1284 3233 et
1302 3186 1358 3234 cir-

270 3243 412 3308 curnscripti
430 3251 496 3308 sunt,
514 3260 564 3303 non
582 3263 697 3315 magnam
716 3248 791 3300 habet
804 3252 984 3301 auctoritatem.
1021 3251 1122 3301 Sextum
1136 3250 1249 3302 ordinem
1266 3267 1357 3316 prorn-

270 3327 301 3377 sit
319 3342 350 3376 ex
368 3317 479 3379 eiusdem
499 3327 607 3382 Taetzae
624 3331 699 3384 Prole
718 3350 742 3402 g.
763 3333 794 3384 ad
812 3333 870 3386 Hes.
885 3323 925 3386 lll.
944 3352 968 3402 p.
990 3333 1029 3384 12.
1052 3333 1128 3386 Gaisl.
1148 3310 1356 3403 Γεγόνασι...

263 3388 398 3482 ’Όμηρος
420 3388 439 3496 d
460 3391 607 3500 chcpdp,
633 3393 814 3490 Ἀντιμαχᾳς
833 3396 851 3466 ὁ
870 3409 922 3482 K,
947 3394 1096 3482 indevote,
1123 3401 1357 3491 Πείσανδροςὸ

268 3486 448 3568 Kapranana
469 3482 522 3546 καὶ
543 3507 560 3548 o
581 3490 742 3574 Ασκραῖος
763 3491 855 3564 odron
875 3481 1026 3563 Ἡσίοδος.
1051 3507 1076 3555 in
1095 3507 1184 3573 quibus
1198 3509 1306 3573 scriptor
1322 3509 1356 3560 oh

269 3583 323 3618 eam
343 3583 442 3619 causam
461 3567 572 3622 lleslodo
586 3579 739 3637 postremum
752 3572 834 3625 locum
853 3573 929 3636 dedit,
947 3574 1014 3640 quod
1029 3575 1055 3623 in
1072 3574 1139 3626 hunc
1156 3583 1257 3642 poetam
1273 3592 1356 3642 prae·
1413 3609 1416 3618 .

269 3634 340 3686 latur.
378 3634 449 3694 Onne
468 3640 531 3689 ratio
549 3639 568 3688 si
588 3656 638 3690 non
656 3640 836 3703 intercederet,
859 3641 982 3692 Hesiodus
1000 3641 1151 3707 secundum,
1174 3651 1245 3710 puto,
1269 3643 1356 3696 locum

268 3713 412 3778 occsrparet.
450 3705 492 3756 llis
511 3705 689 3758 Tzschlrnerus
703 3726 726 3774 p.
744 3707 785 3760 25.
804 3708 872 3760 addit
890 3712 1030 3776 interpretis
1051 3709 1157 3782 Oppiani
1181 3711 1300 3764 iudicium
1322 3715 1357 3765 de

267 3773 421 3840 principibus
443 3777 523 3840 poetis
546 3777 624 3842 epicis
641 3776 758 3826 aVossio
778 3777 809 3826 de
828 3777 890 3827 Vett.
910 3777 990 3830 Roett.
1009 3788 1083 3847 tenrp.
1103 3797 1125 3831 c.
1144 3781 1168 3831 5.
1187 3797 1211 3848 p.
1229 3779 1272 3832 27.
1285 3782 1356 3834 alla-

268 3846 330 3888 tum:
351 3840 396 3892 alli
414 3841 486 3892 luere
506 3843 639 3906 llomerus,
657 3841 776 3909 Eupolis,
795 3843 930 3909 Hesiodus,
948 3846 1126 3913 Antimachus,
1141 3847 1276 3912 Nicander,
1299 3849 1355 3902 Pa·
1415 3891 1416 3896 ,

268 3909 377 3970 nyasisc,
396 3911 421 3958 in
440 3911 529 3978 quibus
543 3929 588 3976 pro
602 3909 763 3962 Nicander
780 3913 862 3963 scribe
875 3913 1008 3979 Pisander3
1027 3915 1084 3966 dele
1102 3931 1193 3968 vocem
1211 3917 1355 3984 Eupolis.

266 3989 345 4073 ¹Error
363 4000 431 4042 ortus
448 4002 486 4044 est
503 4012 534 4044 ex
553 3993 637 4046 Schol.
656 3994 689 4045 ad
707 3993 813 4060 Oppian.
831 4012 855 4063 p.
868 3997 894 4048 8.
909 3997 1025 4069 Rittersb.
1042 3977 1176 4074 Ὅμηρος
1189 3978 1208 4049 ὁ
1222 3979 1354 4085 πρλῦς,

272 4055 418 4158 Ηρίοδος,
441 4052 635 4144 Ἀντίμαχος,
657 4060 852 4152 Πείσανδρος
875 4065 927 4132 καὶ
945 4066 1111 4146 flavianae.
1146 4084 1257 4136 ttum‘o
1285 4095 1354 4136 rso
1415 4080 1416 4102 ¹

267 4142 335 4218 λυς
352 4161 377 4211 in
394 4140 569 4222 παλαιός.
1415 4193 1416 4200 .
