2898 4868
88 557 300 650 Ληχμόνκ.
320 565 389 630 τ.λ.
427 558 577 650 Διωχμιίς
605 567 780 634 Aealenses
799 571 937 635 dixerunt
970 593 1026 656 pro
1056 573 1176 657 δίωξις,

88 658 216 751 ληχμός
244 687 299 750 pro
325 667 429 754 λῆξις,
460 689 562 750 quarn
573 673 720 735 rationem
749 671 942 738 Antimachus
971 687 1091 741 secutus
1121 687 1176 742 est.

89 769 229 851 llesych.
252 763 356 862 prp*
326 791 381 850 ιον,
404 763 500 855 λῆξιν.
539 771 647 853 Λᾶξις
664 789 720 855 pro
736 765 871 859 ληχμός
876 777 941 839 sive
955 768 1057 860 λαχι’
1030 801 1076 855 ιος
1087 781 1178 847 habet

88 868 210 936 Gallim.
241 873 277 935 ll.
304 874 367 935 lov.
391 811 494 936 804-
516 874 664 956 Spohn.
678 875 716 939 de
746 885 822 940 extr.
852 878 908 943 Od.
937 889 1078 964 partep.
1103 883 1176 946 208.

88 975 210 1037 voluit
216 973 352 1062 ληχμῶν,
383 983 416 1039 ut
446 978 597 1064 genitivus
626 977 722 1040 verbo
749 969 952 1060 ε’μτιάζεσθαι
985 983 1175 1049 tribueretur.

86 1075 153 1142 Sed
179 1080 342 1142 mutatione
370 1097 432 1142 non
454 1093 534 1161 npus
561 1088 616 1143 est.
661 1081 735 1143 Nam
762 1074 964 1163 ἓμντσίζεσοαι
991 1088 1080 1149 etiarn
1109 1108 1176 1153 curn

87 1182 264 1326 σοοιερλίιο
287 1183 488 1264 coniungitur.
515 1180 591 1246 Vide
607 1182 691 1246 Hora.
710 1183 766 1247 Od.
783 1185 860 1302 XVl,
884 1185 956 1249 422.
980 1179 1049 1253 οὐδ’
1071 1185 1175 1266 ίκίτας

88 1303 196 1362 aperte
200 1304 260 1347 εαι.

279 1487 283 1496 “
367 1483 539 1562 L'XXX.
585 1515 658 1598 (sta.
677 1515 718 1568 οι.
738 1471 860 1581 5:50.)¹

193 1642 234 1717 Ι-
260 1661 396 1750 Λαχμὸν
418 1661 447 1734 δ’
469 1660 508 1733 05
530 1656 783 1736 talaminiam

180 1839 226 1903 Et.
242 1843 283 1904 M.
298 1859 329 1922 p.
351 1840 425 1920 558,
448 1841 499 1906 25
521 1841 661 1927 λαχμῷ·
684 1841 730 1927 τῷ
751 1842 842 1907 δασεῖ
868 1841 930 1906 τῶν
952 1841 1068 1963 ἐρίων·
1083 1867 1172 1934 παρα

93 1933 133 2006 nt
163 1939 232 2060 λίαν
258 1939 401 2024 ἔχεσθαι.
444 1933 663 2027 Ἀντίμαχος
690 1940 730 2010 55
754 1943 826 2008 τῶν
851 1940 978 2017 ἵππων
1003 1940 1065 2014 τὸν
1086 1949 1171 2015 λακ-
1263 2021 1265 2028 ,

90 2037 240 2127 τισμὸν,
270 2037 369 2112 οἷον·
381 2037 523 2130 λαχμόν
549 2071 577 2110 κ.
595 2046 729 2112 τ..-λ
759 2044 912 2127 Σέλευκος
939 2046 979 2113 δὲ
1005 2043 1090 2130 οἷξιοῑ
1116 2045 1171 2118 δια

87 2147 149 2214 τοῦ
167 2139 385 2238 νχροίφισθαι
406 2139 585 2233 λα’χνῳ,’
566 2161 584 2212 ο
606 2146 750 2236 σημαίνει
770 2141 888 2236 λα’χνην
910 2151 992 2225 (cod.
1015 2151 1134 2218 Paris.
1119 2177 1172 2220 ινα

87 2249 276 2339 σημαίνηται
297 2243 318 2339 ἦ
340 2243 465 2338 λάχνη).
503 2251 645 2316 Extrema
672 2254 782 2336 verba,
813 2271 889 2334 quae
917 2253 1082 2336 referenda,
1103 2266 1172 2319 sunt

88 2353 126 2417 ad
149 2353 274 2474 λαχμρῖ,
304 2353 351 2440 τῷ
371 2354 463 2419 δασεῖ
483 2353 545 2418 τῶν
567 2351 675 2442 ἐρίων,
687 2362 841 2438 'spectant
872 2355 909 2418 ad
931 2356 1017 2420 Horn.
1040 2357 1096 2424 Od.
1117 2359 1169 2440 lx,
1278 2419 1280 2426 ,

88 2457 164 2522 445
203 2447 307 2542 λάχνῳ
333 2447 531 2539 στεινόμενος
560 2455 613 2521 καί
647 2453 745 2539 ἐμοὶ,
767 2450 881 2522 πυκινοὶ
914 2457 1088 2548 φρονέοντι,
1119 2462 1170 2526 uti

87 2559 164 2622 falso
186 2562 320 2625 nonnulli
342 2560 484 2642 legebant
505 2557 625 2646 λαχμῴ.
661 2561 737 2624 Vide
759 2559 894 2625 Eustath
916 2563 953 2624 ad
979 2562 1007 2626 λι.
1031 2565 1102 2630 loe.
1120 2567 1168 2630 De

86 2653 220 2746 λαχμός,
242 2663 520 2746 quodgrarnmatiai
541 2653 670 2742 ιλιίζω,
692 2663 771 2725 unde
787 2660 931 2744 λακτίζω,
955 2666 1074 2744 ducunt,
1098 2669 1167 2732 vide

88 2767 178 2830 etiarn
200 2766 335 2848 Hesych.
354 2763 496 2846 λαχμιῦν,
519 2759 674 2830 ἱππείων·
689 2764 875 2846 λακτισμῶν.

323 2959 327 2968 ’
399 3003 548 3100 lxxxi.
592 2963 727 3086 (senet.
746 2985 851 3088 nfra.)

189 3167 312 3234 Κισοοῦ
332 3190 368 3232 τε
390 3164 552 3255 κλομένοιο
573 3164 626 3231 καλ
647 3157 820 3254 οἷμτιελίνης
836 3205 884 3232 -.

173 3331 357 3412 Hesych.v.
328 3322 544 3413 νκλιίμενος·
565 3361 598 3373 -
629 3322 775 3414 λέγεται
797 3327 839 3395 55
863 3329 924 3398 καλ
950 3326 1092 3412 κισσός,
1118 3326 1168 3411 τίς

84 3423 331 3516 Ἀντίμαχος·
344 3431 476 3498 κισσοῦ
490 3458 517 3496 κ.
532 3455 559 3497 τ.
574 3430 601 3495 λ.
646 3432 679 3494 ln
696 3425 855 3498 ιοιλιοκλι
848 3458 958 3517 μενος
973 3437 1167 3552 ριιοιλΒλοιιι-

85 3537 165 3600 field.
188 3555 357 3616 provocans
379 3537 417 3599 ad
434 3538 498 3601 Nic.
514 3536 605 3598 Ther.
620 3534 692 3597 520
716 3525 825 3621 φύλλα
838 3559 875 3602 τε
890 3531 1056 3622 κισσήεντα
1077 3559 1166 3626 περι

85 3636 248 3721 κλιιμίνοιο
269 3636 425 3727 φέρουσα,
448 3641 478 3701 in
491 3627 713 3728 περικλιίμενος
735 3629 867 3718 natitavit,
890 3657 951 3701 non
975 3648 1021 3701 est
1034 3640 1166 3702 haeren-

85 3743 164 3805 durn.
199 3742 254 3805 Est
276 3761 337 3806 vax
359 3744 492 3823 antiqua,
523 3760 600 3822 quae
628 3741 786 3804 residua'
778 3761 809 3802 ιιι
837 3741 1005 3808 nominibus
1035 3743 1166 3822 propriis

85 3847 242 3926 congruit
247 3861 314 3912 cum
337 3844 485 3912 adiectivo
507 3833 632 3918 κλυτός.
675 3845 799 3923 Legitur
820 3843 878 3906 hoc
900 3860 991 3906 sensu
1007 3845 1095 3906 etiam
1117 3863 1165 3927 ap.

86 3947 236 4010 Theocrit.
248 3947 326 4023 XlV,
349 3946 400 4012 26.
430 3947 479 4008 An
494 3955 541 4010 est
554 3946 687 4008 hederae
701 3944 863 4024 speeies?
872 3944 1023 4028 Fortasse,
1043 3946 1074 4012 id
1084 3947 1166 4028 quad

84 4049 233 4132 Berglrius
256 4051 326 4112 mihi
349 4051 520 4131 proposuit,
547 4045 759 4128 corrigendum
786 4054 845 4110 est:
873 4048 1066 4116 κισσοῦται
1091 4050 1166 4118 κλο

84 4147 190 4233 peroro
210 4150 263 4220 καί
284 4144 474 4236 αμτιιλίνης
482 4140 665 4226 (πετάλοισι
687 4139 881 4228 paludes).
973 4240 990 4299 7
1076 4237 1079 4242 ,
