2936 4908
515 385 781 450 ..15-

96 569 245 651 οοοῐγίίοἰ
268 578 371 667 murra
395 571 511 649 elucet,
535 589 635 653 neque
656 571 776 648 iniuria,
791 579 833 632 ut
847 571 1016 636 Callimachi
1038 574 1097 636 ibis
1121 576 1189 638 ele-r

101 674 224 754 giacum
246 672 300 736 suit
322 687 460 750 tarmen,
491 675 531 736 itu
559 675 617 736 boo
639 691 760 754 quoque
789 691 829 736 ex
853 674 989 737 distichis
1019 678 1189 738 constitisse

104 773 258 856 sogum
280 775 441 838 couoendil.
530 792 533 796 ·

191 901 371 986 Lysandri
392 901 597 965 Encornium
615 901 822 966 Antimachum
838 905 1008 984 scripsisse,
1031 904 1085 966 sed
1102 921 1189 984 quum

105 1011 227 1068 ceriam
250 1021 316 1068 cum
338 1005 478 1068 Niceralo
506 1005 630 1068 inferior
657 1005 864 1083 discessisset,
880 1019 1002 1087 'poema
1029 1005 1188 1082 delevisse,

102 1107 277 1170 Plutarchus
300 1125 476 1189 quamquam
498 1127 560 1170 non
582 1115 682 1170 ocrlus
711 1117 815 1170 auctor
844 1107 953 1183 cst²⁶).
990 1109 1114 1186 Poena,
1143 1114 1188 1171 cui

102 1227 216 1272 noman
241 1211 279 1271 sit
308 1211 489 1288 Artemis,
520 1219 646 1290 propter
668 1209 770 1290 Steph.
800 1209 874 1290 Byr.
906 1201 1092 1274 Κοτύλαιον·
1116 1203 1189 1298 ὄρος

106 1303 248 1393 Εὖβοίας
274 1302 474 1392 ἀνακείμενον
500 1302 669 1398 Ἀρτέμιδι,
698 1304 747 1387 ὥς
775 1329 887 1396 φησιν
912 1302 1128 1393 Ἀντίμαχος
1150 1310 1189 1378 ἐν

103 1405 327 1498 Ἀρτέμιδος
346 1403 387 1495 β’.
417 1413 594 1476 Antimacho
616 1433 690 1477 cave
713 1413 834 1476 tribuas.
872 1413 981 1479 Scribe
999 1432 1065 1476 cum
1087 1415 1191 1478 Duob-

102 1531 180 1576 nero
202 1506 251 1588 ὥς
271 1533 386 1600 φησιν
418 1506 639 1602 Ἀρχέμαχος
667 1514 704 1580 ἐν
734 1508 923 1598 Εὐβοϊκῶν
947 1507 976 1598 μί
1001 1515 1050 1578 vel
1072 1509 1108 1600 γ’,
1138 1537 1191 1580 se-

103 1616 232 1680 cundnm
253 1616 429 1698 Harpocrat.
452 1634 476 1680 s.
492 1610 731 1690 exercitator.
754 1615 872 1700 ρ.115,
895 1618 924 1679 l.
938 1653 971 1666 -
1011 1617 1191 1708 Callimacho

104 1720 340 1802 epigramma,
371 1722 419 1783 cui
446 1722 477 1782 in
499 1721 701 1804 Anthologine
728 1721 897 1783 Planudeaa
924 1720 1028 1783 codice
1060 1723 1191 1784 Palatino

106 1819 274 1884 Antimacbi
295 1839 406 1885 nomen
428 1824 588 1905 ascriptum
610 1833 672 1902 est,
695 1823 960 1896 adiudicamus²⁷).
1039 1849 1042 1856 ·

191 1947 275 2013 llaec
297 1947 335 2013 de
358 1939 524 2014 Antimachi
547 1953 735 2015 carminibus
769 1951 887 2029 Restat,
918 1959 948 2012 ut
979 1952 1015 2013 de
1039 1969 1191 2032 grunnia-

108 2053 175 2114 licis
198 2053 261 2114 elus
290 2050 396 2115 studiis
425 2055 455 2116 in
482 2053 604 2118 Homeri
633 2073 725 2136 epora
755 2056 898 2135 impensis
925 2071 1017 2134 pauca
1048 2053 1198 2131 dicamus„

108 2155 146 2218 dc
170 2153 287 2238 quibus,
311 2164 468 2238 antequam
490 2145 603 2220 scholia
619 2157 735 2221 Veneta
750 2155 907 2219 Villoisoni
927 2175 1019 2236 opera
1042 2157 1072 2216 in
1094 2156 1191 2218 lucem

102 2258 288 2342 'prodisscnt
312 2260 433 2323 multum
460 2260 620 2324 dubitatum
657 2269 713 2324 est.
765 2259 893 2324 Wolfius
926 2259 955 2320 iu
994 2255 1121 2338 epistola
1154 2255 1191 2318 ad

106 2358 383 2443 Sobelleubergium
395 2361 603 2426 Antimachum
623 2365 846 2445 grammaticum
869 2383 885 2424 a
901 2361 1086 2441 Colophonio
1102 2365 1190 2440 pocta

107 2465 196 2546 plane
217 2463 375 2544 discrevit,
398 2481 498 2547 neque
520 2469 602 2547 prius
626 2465 809 2542 Villoisono,
834 2466 882 2544 qui
905 2463 1072 2526 Antimachi
1097 2459 1190 2524 Colo-

108 2567 213 2648 phonii
235 2566 379 2632 lectiobes
403 2578 433 2633 ct
454 2569 508 2632 has
531 2589 549 2632 e
572 2568 685 2631 duabus
715 2571 781 2632 eius
809 2569 937 2632 diversis
964 2567 1189 2630 recensionibus

107 2673 138 2732 in
161 2668 265 2732 codice
292 2673 409 2736 Veneto
435 2672 535 2743 llladis
566 2672 703 2734 exhiberi
732 2674 762 2734 in
792 2672 919 2753 epistola
949 2671 985 2732 ad
1011 2670 1190 2750 Formeyum

108 2782 269 2858 docuerat,
297 2777 443 2842 fidemse
465 2775 632 2838 habiturum
655 2774 833 2852 declaravit,
864 2791 952 2854 quam
982 2771 1189 2834 codiccedito

108 2889 174 2968 ipsc
197 2884 235 2947 de
257 2882 307 2945 illa
328 2899 364 2944 re
386 2878 443 2942 sibi
460 2879 690 2960 persuasisset„
719 2879 759 2940 At
775 2883 895 2960 postea,
919 2893 1007 2956 quum
1022 2889 1088 2936 curn
1110 2893 1191 2936 non-

108 2988 194 3051 nullis
216 2987 282 3049 aliis
310 2985 389 3047 illius
415 2981 526 3045 codicis
555 2982 686 3058 scholia,
717 3001 793 3062 quac
823 2979 993 3062 complures
1023 2974 1190 3040 Antimachi

111 3089 292 3173 Colophonii
313 3087 461 3150 lectiones
484 3086 658 3147 Homericae
681 3086 847 3160 continent,
870 3082 951 3144 lorus
975 3082 1053 3144 edita
1077 3088 1189 3157 essent,

110 3194 239 3258 libenter
261 3193 308 3253 vir
329 3205 461 3252 summus
488 3189 517 3249 in
543 3188 768 3268 Prolegornenis
799 3186 836 3248 dc
866 3185 960 3266 priori
989 3203 1043 3246 sua
1066 3189 1191 3244 senten·-

109 3299 148 3358 tia
176 3293 321 3370 decessit3
352 3292 418 3356 sed„
432 3291 593 3354 Villoisoni
622 3291 808 3370 opinionem,
839 3286 912 3349 duas
934 3287 1058 3349 Homeri
1080 3301 1190 3347 recen-

109 3401 210 3460 siones
233 3395 438 3461 Antimachum
462 3392 603 3469 edidisse,
625 3391 713 3454 iacile
726 3393 859 3454 correxit
871 3389 1078 3454 commutando
1091 3385 1189 3452 Schol.

110 3501 221 3576 (llekk.
237 3499 294 3574 A.)
325 3500 361 3560 ad
383 3497 416 3561 ii.
439 3495 546 3574 xxiii,
575 3495 648 3557 60i.
678 3491 716 3558 αἱ
746 3491 787 3558 δὲ
811 3491 897 3582 περί
920 3484 1134 3572 Ἀντίμαχον
1160 3491 1190 3548 in

107 3625 144 3668 οι
135 3600 208 3667 ‘dd
227 3601 314 3690 περὶ
334 3593 420 3666 Ἀντ.
455 3600 544 3662 uides
567 3599 659 3679 igilur
679 3597 814 3660 redditur
835 3595 954 3671 Suidae,
978 3594 1029 3672 qui
1050 3591 1189 3653 Antima-

110 3706 195 3769 chum
222 3695 488 3794 γραμματικὸν
509 3699 569 3766 καί
606 3690 768 3786 ποιητήν
796 3699 888 3762 luisse
919 3697 1022 3758 auctor
1061 3701 1121 3770 cst,
1160 3697 1190 3754 cl

110 3811 222 3873 'l'atiani
251 3809 353 3872 verbis
380 3825 470 3888 supra
492 3804 617 3868 laudatis
630 3803 681 3877 ².⁸)
726 3803 879 3883 ltquibus
907 3795 1086 3880 perspicitur
1123 3793 1189 3856 An-

109 3967 368 3977 --.—-..-...-—-

142 4038 190 4103 26)
226 4039 291 4090 vida
308 4052 383 4104 supra
402 4035 457 4088 Nol
476 4034 501 4088 3
906 4098 910 4106 ¹

140 4107 190 4171 27)
226 4107 291 4160 Vide
308 4121 374 4175 quae
392 4103 456 4158 inira
475 4103 605 4169 adipsum
623 4103 776 4221 epppgamrpa
794 4105 975 4192 ancouvrcaus.
1020 4137 1024 4146 .

142 4175 190 4240 28)
227 4174 323 4228 Talion.
341 4182 404 4226 orat.
423 4171 481 4224 cdv.
499 4171 587 4226 licaeo.
605 4172 632 4234 §-
711 4185 736 4236 ρ.
756 4165 811 4219 760.
831 4165 870 4218 cd.
889 4165 965 4218 Pana.
