2936 4908
515 365 836 456 ..fl—s..

102 567 180 614 asse
198 545 305 638 αφωές
328 551 429 632 itaque
449 541 531 638 σφω’
552 569 620 616 cum
642 554 827 636 apostrophe
849 556 969 620 exarari
991 554 1091 621 delet.
1121 555 1188 622 tt-

102 653 205 718 dimua
224 653 358 735 reliquo,
380 673 459 735 quaa
481 673 522 722 ex
542 653 843 726 Antimacho-laudat
864 656 1051 738 Apollonius.

545 840 600 908 xl.
643 857 689 925 [n.
707 857 765 924 ao.)
819 883 826 894 ·

364 1023 478 1122 ἔδρακε
498 1027 560 1100 mie
580 1029 729 1116 μολοῦσα.

210 1199 294 1265 ldem
316 1219 346 1284 p.
369 1199 443 1264 3⁷3.
464 1199 498 1266 B.
524 1193 590 1266 Διά
618 1199 676 1266 τοῦ
702 1195 767 1288 δή
795 1202 870 1269 ‘vade
899 1197 987 1296 παρα
1014 1195 1190 1292 Ἀντιμάχῳ

101 1300 276 1390 ἐνθρβεσιν
297 1296 412 1390 ἔδρακε
433 1326 459 1367 ν.
480 1327 514 1385 μ.
545 1303 613 1367 dum
639 1306 773 1387 vulgaris
800 1303 895 1368 torma
925 1315 972 1369 est
1000 1305 1066 1370 mii·
1084 1315 1116 1370 et
1136 1298 1190 1371 νώ.

101 1403 140 1468 ln
163 1405 283 1470 casibus
304 1406 397 1470 rectis
419 1405 515 1470 dualis
537 1409 744 1490 pronominum
767 1407 968 1488 personalium
990 1417 1116 1490 unaque
1139 1407 1192 1472 lit-

102 1524 188 1598 tera,
212 1523 243 1582 ct
261 1505 381 1599 ΐοῑῖ
400 1525 465 1580 orta
484 1536 524 1580 ex
539 1519 686 1599 primitiva
705 1518 827 1600 pluralis
847 1521 1054 1583 terminatione
1076 1511 1124 1603 ἐξ
1135 1509 1192 1603 inf,

102 1619 277 1684 Latinorum
310 1638 360 1699 es,
387 1621 436 1700 is,
467 1618 591 1682 Graecis
622 1622 730 1683 usitata
761 1627 808 1683 est
843 1629 873 1682 et
908 1622 1034 1685 eandem
1067 1627 1191 1709 proprie

102 1721 196 1786 habet
217 1723 291 1800 virn;
321 1722 377 1786 sed
391 1717 550 1785 ‘constituit
571 1739 660 1802 usus,
687 1732 719 1786 ut
749 1725 778 1786 in
803 1731 834 1789 'e‘
852 1724 917 1786 sola
940 1721 1030 1787 'tertia
1060 1746 1191 1810 persona

105 1826 206 1888 exiret
227 1821 329 1911 σφωέ,
356 1826 484 1888 litteram
501 1833 679 1892 [tenerent
704 1827 799 1910 prima
827 1844 956 1907 persona
986 1834 1019 1890 ct
1046 1829 1190 1910 secunda,

104 1923 179 2005 soii,
203 1926 306 2015 σφώἳ,
337 1929 416 1990 unde
445 1922 605 1991 Tsuhlato
642 1917 686 1992 νώ
723 1937 754 1991 et
786 1920 868 2015 σφώ.
914 1931 1001 2005 Quod
1030 1931 1191 1996 discrimen

104 2029 291 2094 formationis
314 2039 410 2096 ortum
433 2031 565 2109 videtur,
588 2038 620 2092 ut
642 2030 900 2113 distinguerentur,
920 2033 1052 2098 secunda
1070 2042 1105 2116 ⁸et
1124 2043 1190 2098 ter-

104 2133 148 2197 tia
169 2153 310 2216 persona.
353 2135 478 2198 Praeter
500 2134 668 2198 Antimachi
690 2133 762 2196 illud
784 2133 821 2197 ir.
849 2153 939 2197 unum
966 2143 1079 2226 tantum
1105 2139 1190 2202 eius-

104 2235 187 2299 modi
209 2233 424 2300 terminationis
436 2236 578 2300 habcmus
595 2238 780 2318 exemplum,
803 2236 884 2317 qnod
906 2257 946 2300 ex
960 2234 1090 2300 Corinna
1110 2239 1190 2303 idem

105 2339 284 2422 Apollonius
307 2339 402 2404 attulit
423 2339 478 2414 (ir.
503 2337 554 2401 16.
578 2357 626 2420 ap.
649 2338 809 2414 Aureae).
875 2345 879 2360 ’

191 2443 230 2508 Ut
244 2451 342 2506 autem
357 2443 393 2505 ir.
406 2441 574 2505 Antimachi
586 2442 793 2524 respiciamus,
817 2441 944 2506 dubitari
957 2450 1068 2525 polest,
1089 2451 1188 2508 utrum

106 2554 279 2630 corruptum
301 2545 373 2608 illud
395 2540 563 2632 ἕνθηβεσιν
577 2561 643 2607 cum
663 2543 831 2608 Antimachi
847 2545 947 2608 verbis
963 2548 1188 2632 coniungomus,

105 2659 146 2712 an
167 2652 226 2713 sint
247 2649 341 2712 verba
360 2650 486 2712 citantis
530 2645 605 2711 lllud
625 2649 651 2709 si
665 2655 873 2727 statueremus,
896 2649 1085 2720 scribendum
1106 2659 1189 2713 esset

104 2748 140 2818 ἐν
162 2743 313 2840 Θήβῃσιν,
336 2751 415 2836 quod
434 2751 471 2812 ad
491 2751 581 2814 finem
602 2752 806 2816 antecedentis
822 2769 930 2813 versus
951 2751 1083 2833 relegari
1111 2769 1187 2833 pos-

105 2863 163 2934 set,
185 2855 250 2918 vel:
379 2923 383 2932 ι
943 2873 948 2882 ·

260 2970 299 3039 ἐν
322 2963 508 3061 Θήβῃσιν,
529 2963 576 3038 ἵν’
600 2967 737 3061 ἔδρακε
761 2971 830 3036 arde
854 2969 1033 3055 μολοῦσα.

104 3077 167 3144 Sed
188 3076 386 3162 praeferimus
409 3078 534 3139 alteram
554 3076 716 3153 rationem,
751 3071 917 3162 ἐνθρβεοιν
946 3077 1102 3159 scriptoris
1129 3077 1187 3140 im-

104 3180 261 3263 prudentia
285 3201 324 3242 ex
347 3175 381 3242 ἐν
404 3175 543 3263 Θηβαΐδι
565 3185 662 3242 ortum
685 3195 764 3240 esse.

376 3423 380 3432 ·
512 3390 584 3456 llll.
638 3405 682 3470 (u.
701 3403 759 3474 oo.)

258 3572 433 3664 σφωΐτερον
453 3571 568 3656 pium.
584 3607 616 3620 ·-
651 3567 828 3657 σφωϊτέρην
850 3562 948 3651 ὅίζῦν.
1033 3581 1039 3592 “

188 3709 272 3818 idem
293 3755 324 3819 p.
347 3735 420 3802 tot.
448 3735 482 3800 Β.
510 3734 599 3800 tradit
630 3734 839 3799 Antimachum
871 3741 993 3816 praeter
1020 3741 1186 3814 pronomen

105 3839 256 3905 secundae
278 3857 359 3922 pers.
382 3838 460 3902 dual.
476 3853 609 3918 possms.
632 3833 844 3923 σφωΐτερον
864 3834 989 3918 μῦθον
1010 3834 1068 3911 (de
1089 3835 1186 3902 Eteo-

106 3944 154 4008 cle
179 3948 210 4006 et
239 3943 415 4024 Polynice),
448 3941 554 4004 tertiae
584 3956 704 4020 quoque
738 3953 887 4018 personae
917 3937 1043 4002 eandem
1073 3939 1186 4006 habero
1307 3932 1312 3944 '

105 4045 244 4110 menam
266 4039 478 4130 σφωϊτέρην
499 4030 622 4120 ὀϊζύν,
651 4039 690 4104 dc
717 4037 821 4120 Tydeo
844 4049 875 4104 et
895 4040 1037 4124 Polynice
1064 4042 1183 4112 tinam.

106 4143 288 4237 Σφωΐτορος
308 4145 404 4212 semel
425 4143 539 4210 muium
559 4141 640 4224 apud
666 4140 828 4208 Homerum
853 4142 965 4226 legitur
992 4145 1044 4286 (¹1¹5
1059 4144 1084 4222 l,
1111 4145 1185 4210 216.
