2898 4868
483 801 751 862 AYAH.

419 984 507 1046 Liv.
553 1002 626 1065 (sca.
645 1000 686 1052 34.
706 1001 735 1052 u.
754 1001 812 1067 rs.)

184 1112 362 1204 Φείγοντας
383 1117 473 1206 γαίης
495 1115 606 1185 thecua
628 1091 808 1198 Alcithoe·

166 1260 355 1320 Pentameter
381 1277 421 1322 ex
449 1258 499 1320 lib.
529 1258 563 1320 ii.
592 1259 693 1340 Lydes
721 1259 827 1322 citatur
855 1279 872 1322 a
900 1262 1002 1343 Steph.
1032 1263 1105 1345 Byz.
1132 1265 1162 1326 in

71 1362 198 1442 Fragm.
228 1362 355 1442 Seguer.
385 1381 414 1422 v.
441 1350 575 1426 Δώτιον.
594 1397 628 1408 -
666 1359 719 1426 καὶ
745 1353 887 1441 Διοτιοίς,
920 1353 965 1438 ὠς
990 1353 1081 1440 Ἰλιάς
1105 1363 1163 1429 τοῦ

70 1453 244 1538 Ἰλιεύς-
285 1459 361 1526 Καὶ
390 1453 610 1545 Ἀντίμαχος
641 1453 740 1548 ἐν·β’
770 1453 921 1550 Λύδης·
950 1457 1163 1550 Φεύγοντος

73 1590 105 1628 κ.
120 1587 148 1628 τ.
165 1564 192 1628 λ.
237 1564 283 1627 De
305 1565 394 1628 Dotio
417 1584 524 1647 campo
547 1566 616 1629 vide
639 1567 774 1630 Mueller.
797 1567 937 1630 Orchom.
960 1588 989 1650 p.
1007 1569 1079 1632 192.
1114 1571 1163 1634 Ad

75 1685 155 1748 quos
185 1667 277 1730 verba
300 1667 470 1748 pertineant
491 1669 632 1732 nescitur.
677 1668 818 1732 Fortasse
848 1669 886 1732 de
916 1661 1084 1750 Thessalis,
1113 1676 1163 1754 qui

73 1771 167 1832 Dotio
189 1769 294 1832 relicto
322 1771 352 1831 in
375 1766 499 1832 Cnidum
519 1771 645 1858 insulam
668 1778 699 1834 et
712 1770 848 1834 Rhodum
862 1779 893 1835 et
909 1774 1020 1855 Symcn
1042 1775 1160 1850 (Mueli.

77 1871 219 1934 Orchom.
242 1893 271 1954 p.
295 1871 384 1946 195.)
407 1872 533 1952 proiecti
556 1881 638 1950 sunt,
665 1873 811 1937 dicuntur.

446 2061 510 2124 Lv.
555 2077 629 2142 (scu.
648 2076 689 2128 35.
708 2076 738 2128 o.
756 2077 813 2142 m.)

186 2211 324 2320 Einedd
344 2213 507 2310 φωνήσας,
529 2214 671 2306 Πόλοβε,
696 2214 876 2312 θρεπτήρια
896 2215 1015 2300 τάςδε
1099 2299 1108 2310 .

215 2317 345 2402 Ἵππους
365 2323 415 2390 τοί
436 2316 529 2390 δώσω
550 2322 722 2408 δοςμενὲιον
744 2315 872 2401 ἐλάσας.

162 2462 319 2525 Distichon
341 2463 503 2546 praebetur
525 2482 542 2524 a
564 2461 663 2528 Schoi.
685 2463 787 2544 Eurip.
810 2463 922 2528 Phoen.
943 2464 1006 2542 td,
1029 2463 1079 2526 uhi
1096 2464 1161 2527 Laii

75 2565 227 2628 interfecti
256 2567 344 2649 bigas
371 2563 543 2629 Corinthum
571 2566 608 2628 nd
633 2566 777 2648 Polybum
806 2585 911 2650 regem
938 2568 975 2630 ab
1005 2567 1161 2649 Oedipode

75 2670 237 2732 translatas
259 2687 329 2732 esse
351 2676 497 2731 narratur.
542 2667 711 2750 Adseripsit
734 2669 915 2734 Scholiasta:
946 2661 1005 2733 ὅτι
1027 2666 1069 2733 δὲ
1091 2675 1161 2734 Πο-

74 2761 451 2856 compatriotarum
477 2763 618 2845 ἵππους
643 2768 704 2835 καί
733 2761 954 2853 Ἀντίμαχός
983 2791 1096 2858 φησιν
1123 2768 1162 2836 ἐν

74 2865 194 2960 Λίδη·
222 2863 319 2938 Είπε
339 2897 367 2937 κ.
390 2871 468 2936 τί.
512 2871 545 2934 in
578 2873 664 2938 codd.
696 2881 744 2936 est
772 2864 864 2952 τάδε,
893 2873 971 2954 quod
1001 2873 1161 2937 Barnesius

75 2977 200 3038 mutavit
221 2977 251 3037 in
272 2973 388 3056 ταῦτα;
409 2976 588 3039 Duebnerus
609 2967 735 3057 τοίςδε;
756 2977 866 3058 Bergk.
888 2977 1002 3051 (Poett.
1018 2978 1075 3058 lyr.
1089 2977 1158 3052 Gr.)

74 3070 181 3157 τάςδε,
205 3079 284 3160 quod
306 3079 513 3160 praeferimus.
544 3079 597 3141 iiis
620 3079 770 3142 addimus:

570 3249 661 3313 Lvt.

285 3411 486 3502 Κοθαίνομος
509 3416 670 3496 Οἰδίπους.

162 3559 209 3621 Ει.
233 3558 308 3622 Gud.
330 3578 359 3639 p.
382 3557 457 3638 352,
481 3563 510 3622 7.
544 3557 644 3623 Verba
671 3577 688 3620 a
711 3558 941 3624 Schneidewino
964 3561 994 3620 in
1016 3557 1160 3620 Exercitt

75 3665 152 3724 rritt.
184 3681 213 3743 p.
243 3661 294 3724 28.
326 3670 450 3724 tractata
496 3663 581 3724 vario
610 3649 705 3724 ‘modo
739 3663 926 3744 explicantur
957 3679 974 3720 a
1006 3658 1159 3730 ueteribus

75 3767 287 3848 grammaticis,
302 3782 427 3843 quorum
443 3767 575 3827 rationes
589 3764 779 3828 Schneidew.
802 3778 967 3826 recensens
977 3769 1061 3824 recte
1080 3778 1158 3823 con-

76 3870 183 3946 stituit,
212 3856 397 3946 κοθώοομον
420 3886 487 3930 eum
515 3865 588 3944 dici,
620 3868 720 3928 cuius
749 3883 868 3927 verum
893 3881 1022 3926 nomen
1052 3871 1158 3944 atque

76 3971 178 4048 «urigo
201 3971 236 4032 in
259 3970 413 4032 obscuro
436 3976 569 4032 essent.
613 3967 783 4032 Derivnnda
798 3967 876 4028 onim
895 3972 941 4042 est
955 3983 1015 4028 vox
1030 3984 1048 4027 a
1063 3966 1158 4029 verbo

75 4064 192 4136 κεύθω.
238 4071 361 4134 Videtur
382 4070 576 4134 Antimachus
594 4073 624 4132 in
647 4072 730 4134 exitu
751 4085 858 4132 versus
873 4069 986 4132 heroici
1002 4069 1156 4149 posuisse:

76 4161 546 4256 aaanvdnoootomo'oao.
631 4243 635 4250 ⁴
