2936 4908
1450 232 1452 263 l

1450 269 1452 304 l

299 611 370 661 rum
401 587 529 683 quidem
563 587 636 660 libri
670 586 755 660 haud
789 597 891 681 parvo
926 583 1002 656 mihi
1033 584 1162 655 fuerunt
1191 583 1402 660 adiumento
1452 591 1453 642 l

278 717 360 790 ·sed
385 721 559 812 praecipue
575 718 713 808 egregia
740 711 998 804 Schellenhergii
1018 712 1157 783 editione
1178 712 1254 783 milri
1274 716 1402 783 niten-

291 846 374 917 -dum
399 845 471 936 fuit,
507 848 560 940 qui
591 865 711 935 magna
743 864 816 912 cum
850 841 1014 934 diligentia
1047 851 1079 912 et
1112 863 1208 931 cura,
1234 864 1320 936 quae
1352 841 1402 911 de

299 973 480 1046 Antimachi
515 975 607 1068 poesi
644 969 758 1042 tradita
796 978 884 1059 sunt,
927 971 1104 1064 composuit
1140 979 1173 1040 et
1202 969 1401 1062 fragmenta

223 1129 229 1148 κ
299 1110 366 1172 trun
392 1104 545 1196 temporis
572 1103 702 1191 cognita
727 1085 792 1169 non
821 1098 950 1188 uulgari
982 1101 1160 1188 sagacitate
1193 1098 1398 1193 explanavit.

299 1229 391 1314 Quae
417 1233 488 1324 ipse
514 1232 546 1300 in
568 1225 911 1301 Animadversionihus
936 1229 1020 1305 meis
1039 1230 1191 1315 tractavi,
1217 1251 1269 1316 ea,
1294 1250 1399 1320 quum
1454 1281 1455 1326 p

299 1362 332 1428 in
359 1357 504 1431 absoluta
530 1355 714 1428 Antimachi
737 1354 876 1426 editione
902 1353 979 1425 nihil
1003 1353 1102 1426 liceat
1133 1355 1261 1446 deesse,
1287 1379 1398 1448 mag·
1454 1333 1455 1336 Ἴ

299 1509 375 1557 nam
401 1473 525 1582 partem
552 1486 615 1556 hoo
641 1493 674 1556 in
699 1483 810 1556 libello
842 1484 915 1554 fere
950 1483 992 1553 ad
1020 1481 1154 1556 verbum
1180 1483 1257 1555 mihi
1283 1507 1395 1580 repe7

299 1615 396 1685 te‘uda
427 1637 502 1686 esse
534 1617 660 1708 putavi3
698 1613 782 1702 alia,
816 1633 912 1706 quum
944 1615 1008 1683 iam
1044 1611 1137 1685 aliter
1173 1611 1214 1684 de
1250 1615 1297 1686 eis
1332 1613 1393 1686 vel

300 1744 479 1814 accuratius
517 1739 650 1813 edoctus
687 1744 765 1831 sim,
805 1743 935 1814 correxi
969 1749 1002 1811 et
1041 1741 1125 1812 auxi.
1179 1738 1250 1827 Qua
1283 1745 1317 1813 in
1352 1765 1393 1814 re

299 1869 457 1943 Godolr.
484 1869 696 1940 Hermanni
729 1879 762 1940 et
793 1867 994 1941 Theodori
1020 1867 1204 1961 Berghii‚
1236 1870 1392 1943 Virorum

299 1999 580 2087 Doctissimorum
607 2001 659 2091 (pri
685 2001 719 2069 in
736 1997 881 2094 epistolis
908 1997 950 2069 ad
973 2021 1027 2070 me
1044 1997 1284 2093 perhumaniter
1303 2003 1389 2072 mis-

300 2131 344 2201 sis
371 2127 476 2202 multis
504 2125 545 2198 de
571 2125 669 2199 rebus
694 2130 727 2197 in
752 2125 1095 2212 Animadversionihus
1113 2131 1196 2202 meis
1221 2133 1390 2202 nonsatis

299 2257 437 2328 feliciter
463 2260 606 2328 tractatis
634 2255 738 2350 deque
765 2255 835 2328 aliis
861 2254 943 2329 locis
962 2255 1185 2330 Antimacheia
1203 2279 1278 2330 suas
1305 2280 1390 2330 sen-

298 2388 414 2458 tentias
441 2408 567 2457 mecum
581 2387 899 2456 communicavermrt
916 2407 1033 2481 meque
1049 2385 1186 2457 meliora
1202 2383 1390 2475 docuerunt,

299 2513 524 2585 liberalitatem
563 2524 657 2608 atque
689 2513 919 2586 humanitatem
954 2517 1138 2607 gratissimo
1164 2519 1270 2586 animo
1305 2538 1389 2610 pro·
1458 2489 1459 2494 ἵ

299 2646 390 2736 sequi
420 2640 533 2714 debeo.
586 2642 677 2727 Quae
705 2639 857 2714 Virorum
884 2643 1090 2716 Summomm
1112 2648 1246 2718 corrritas
1273 2644 1388 2738 Tuae-

228 2755 229 2758 *
300 2793 361 2864 que
390 2769 628 2845 adhortationes
655 2781 688 2842 et
713 2769 864 2859 consilia,
895 2781 929 2842 ut
948 2789 1025 2844 ‘rem
1057 2781 1240 2868 susceptam
1266 2797 1388 2870 perse-

297 2916 435 2993 uqerer‚
470 2905 575 2974 acrius
617 2877 862 2993 diligentiusque
900 2899 976 2970 mihi
1019 2869 1200 2973 excitarunt
1241 2901 1386 2976 studium.

299 3027 391 3112 Quod
418 3041 524 3100 autem
552 3005 718 3101 assecutus
743 3049 830 3116 suma
857 3028 931 3118 hoc,
957 3039 1150 3126 praeceptor
1168 3015 1387 3124 attentissime,

299 3158 518 3251 qualecunque
546 3167 614 3245 est,¹
638 3158 723 3248 grati
750 3160 847 3228 animi
877 3161 1017 3254 accipias
1041 3158 1279 3234 documentum.

400 3311 674 3383 Drnnraununor
701 3334 785 3383 anno
810 3309 1077 3389 MDCCCXLIV.
