2898 4868
399 389 785 456 .-θιὼ

113 573 300 638 deducerent
322 581 353 638 01
375 575 535 656 praecipue
563 576 722 640 Thebanos
747 597 815 642 cum
842 577 1039 642 Phoenicibus
1066 582 1196 644 coniun-

111 683 237 760 gerent,
266 677 311 739 sic
333 675 498 742 Scholiasta
526 677 733 742 Thebanorum
754 663 866 742 nomen
879 671 975 764 ’Όγκα
997 699 1013 743 0
1036 679 1208 746 ΡΙ1000101-’

110 777 170 840 bus
191 779 311 858 repetit.
356 780 1026 864 00001011001111110810011..Βγτ.11216.
1060 775 1197 869 Ὀγκαῖαι
1277 839 1282 848 .

110 869 212 944 πόλαι
235 878 359 966 Θηβῶν,
389 871 556 968 Εόφορίων
576 877 687 968 eppei.
724 872 820 966 Ὄγκα
844 875 904 969 γάρ
927 875 947 969 ἦ
974 875 1094 972 Ἀθηνᾶ
1108 877 1196 982 ’κατα

112 979 276 1062 Φοίνικας,
304 991 336 1048 01
357 982 499 1065 Apoliod.
516 983 564 1046 111.
581 1003 610 1064 p.
633 982 704 1048 282.
751 984 851 1050 Schol.
873 985 1017 1069 heschyi.
1037 990 1067 1053 S.
1089 1009 1115 1051 c.
1140 989 1194 1050 Th.

113 1083 191 1174 hen.
217 1103 324 1148 vocem
348 1085 567 1168 Aegyptiacpm
597 1104 667 1150 esse
693 1076 788 1170 Ὄγκα
819 1087 922 1166 tradit,
960 1093 1073 1170 pariter
1107 1085 1205 1172 etque.
1303 1093 1311 1174 s

110 1178 235 1273 Ἀθηνᾶ
256 1185 370 1273 Νηίθη
391 1189 428 1250 ab
446 1188 578 1269 Hespoh.
591 1205 615 1250 s.
634 1208 664 1250 v.
685 1189 845 1270 Aegyptiis
858 1191 1004 1256 tribuitur.
1047 1192 1108 1258 Sed
1122 1211 1196 1256 ver·

110 1290 152 1353 ba
174 1290 234 1352 illa
247 1298 316 1354 sunt
338 1291 463 1354 Graeca.
507 1279 631 1373 Ὀγκαία
651 1279 771 1375 Ἀθηνᾶ
798 1292 864 1354 01νο
885 1282 993 1374 Ὄγκα,
1022 1313 1098 1374 quae
1129 1313 1195 1358 cum

112 1391 230 1456 Cerere
258 1391 372 1474 Erinye
397 1391 658 1456 fortasseendem
691 1401 753 1471 est,
784 1393 1046 1474 colebaturquum
1071 1397 1102 1459 in
1122 1398 1196 1460 ‘aliis

112 1495 258 1560 Boeotiae
280 1495 356 1558 iocis
385 1502 446 1558 turn
469 1496 500 1556 in
523 1494 732 1558 Thebanorum
757 1497 825 1558 vico
848 1488 948 1580 Ὄγκα
973 1499 1089 1574 (Soboi.
1113 1499 1195 1564 Pind.

114 1601 160 1664 01.
173 1599 209 1676 11,
223 1597 276 1662 39.
321 1598 424 1662 Tnetz.
438 1599 512 1680 Lyo.
532 1597 658 1674 1225.);
683 1597 849 1660 Thebarum
867 1606 965 1661 autem
983 1607 1100 1680 portae,
1119 1621 1196 1682 quae
1252 1653 1255 1658 .

114 1702 153 1764 ad
172 1703 272 1766 vicum
294 1702 375 1764 ilium
392 1701 565 1778 ducebant,
594 1691 737 1785 Ὀγκαῖαι
761 1691 860 1766 πύλαι
892 1702 1068 1764 nominatae.
1121 1703 1196 1768 Vide

114 1806 151 1870 0.
173 1801 439 1886 110011.ζο10110111.
461 1821 491 1882 p.
520 1802 590 1866 121.
629 1803 716 1867 Porta
740 1810 787 1866 est
814 1801 935 1885 eadem,
964 1823 1041 1884 quae
1058 1795 1196 1889 Ὠγόγιος

115 1915 312 1988 110110ορ01οη
342 1895 615 1996 Ηο0001.”Ογκας
642 1895 797 1991 Ἀθηνᾶς,
826 1897 885 1980 τας
906 1896 1064 1990 Ὠγυγίους
1091 1897 1195 1982 πόλας

115 2005 208 2092 λέγει.
251 2009 325 2073 Vide
343 2011 455 2091 Unger.
480 2008 626 2072 Paradox.
651 2008 744 2098 Theb.
767 2009 788 2071 l.
812 2025 840 2088 p.
866 2009 995 2099 261-
1035 2012 1135 2075 Verba
1157 2010 1196 2074 de

114 2111 293 2175 Antimacho
316 2120 346 2175 et
367 2113 481 2175 Rhiano
504 2112 582 2174 dicta
602 2107 757 2196 μέμνηται
784 2107 820 2176 δὲ
848 2103 965 2176 cobano
991 2109 1043 2176 καί
1071 2103 1114 2177 Ἀ.
1144 2110 1196 2178 καί

114 2207 153 2279 P.
176 2213 334 2278 referenda
353 2223 421 2278 sunt
441 2215 524 2278 etad
541 2215 689 2278 Athonem
708 2215 859 2280 Oncaeam
882 2234 898 2278 a
920 2214 1070 2278 Thebanis
1087 2216 1195 2281 cultam

115 2325 146 2378 et
168 2318 205 2380 ad
228 2319 365 2384 Oncaeas
385 2327 496 2398 portas.

472 2542 540 2618 XL.
584 2555 658 2622 (sn.
676 2555 718 2608 oe.
736 2553 766 2605 0.
785 2553 843 2619 aa)

200 2728 274 2792 Piut.
298 2731 435 2812 Spmpos.
459 2731 495 2808 V,
518 2728 548 2791 8.
576 2727 626 2791 ubi
656 2729 861 2808 quaesierant,
890 2728 960 2808 quid
986 2728 1195 2808 essentapud

115 2831 330 2914 Empedoclem
351 2832 437 2920 μῆλα
458 2823 653 2920 ὑπέρφλοια,
683 2851 713 2913 p.
744 2829 816 2893 683.
839 2829 873 2893 E.
897 2831 1010 2912 pergit:
1042 2820 1196 2904 Εἰπόντος

115 2924 169 3000 οὖν
192 2931 272 3017 ἐμοῦ
292 2933 394 2999 ταῦτα
415 2932 623 3022 γραμματικοί
643 2957 726 3010 τινες
747 2929 869 3020 ἔφασαν
890 2923 1069 3020 ὑπέρφλοια
1090 2929 1195 3020 λελόγ-

114 3042 175 3104 θαι
196 3030 238 3104 τό
264 3037 349 3123 μῆλα
376 3030 431 3102 δια
459 3031 515 3123 την
542 3027 652 3124 όκμὴν.
700 3028 745 3100 Τό
772 3028 831 3124 γόρ
858 3025 937 3120 όγαν
966 3026 1115 3120 όκμόζειν
1144 3031 1197 3102 καί

115 3137 284 3226 τεθηλέναι
309 3137 458 3227 φλοίειν
486 3132 551 3205 όπό
577 3139 639 3204 τῶν
664 3138 802 3224 ποιητῶν
827 3133 1009 3223 λέγεσθαι·
1037 3136 1098 3206 καί
1130 3130 1197 3204 τόν

114 3234 328 3325 Ἀντίμαχον
350 3235 448 3308 οὕτω
469 3263 546 3317 πως

372 3342 630 3434 ,φλοίουσαν
665 3335 881 3432 όποίραις“

116 3445 305 3536 εἰρηκέναι
324 3442 391 3534 τήν
412 3448 484 3513 τῶν
505 3446 705 3531 Καδμείων
725 3437 844 3513 πόλιν.
887 3440 1016 3531 Ὁμοίαις
1030 3438 1085 3511 τόν
1101 3437 1195 3531 ’Ἀρα-

115 3573 167 3616 τον
190 3547 244 3618 ε’πί
265 3550 323 3616 τοῦ
343 3548 475 3685 Σειρίου
490 3549 632 3637 λέγοντα·
665 3548 738 3630 ,καὶ
762 3543 803 3616 τό
824 3548 880 3668 μὲν
905 3547 1054 3666 ἐρριρσεν,
1083 3539 1139 3611 τόν
1160 3543 1196 3610 dt

116 3645 215 3774 φλόον
236 3645 336 3720 α’ίλεοε
361 3646 486 3721 πόντα“
516 3653 770 3732 (Phaeneae),
797 3646 854 3739 την
881 3642 1064 3738 χλωρότητα
1085 3647 1138 3714 καί
1157 3639 1195 3712 τό

117 3749 216 3833 όνθος
235 3755 298 3822 τεόν
320 3756 448 3872 καρπῶν
460 3750 560 3842 φλόον
570 3748 821 3874 προσαγορεύειν.
866 3755 947 3817 idem
966 3751 1079 3814 ibidem
1094 3750 1147 3828 lx,
1165 3749 1193 3812 9.

116 3880 146 3941 p.
170 3859 243 3924 135
264 3859 302 3924 Ι).
335 3879 377 3922 το
368 3849 518 3946 θέρος
538 3857 601 3924 καί
621 3880 663 3922 το
690 3849 915 3941 μετόπωρον
940 3844 1002 3918 ότι
1029 3842 1196 3968 μάλιστα

117 3953 261 4076 χλφραν
288 3959 355 4026 καί
383 3957 610 4045 φλοίουσαν,
637 3952 689 4036 ὥς
715 3950 975 4038 Ἀντίμαχος”
954 3969 1038 4040 εφη,
1072 3943 1195 4041 τηνό

118 4083 241 4151 παρην
266 4057 430 4148 γενομένην
454 4061 584 4127 κ.τ.λ.
629 4060 948 4128 8011011001.οο110101
978 4065 1088 4140 poetae
1117 4057 1194 4120 dicta

118 4167 230 4230 exitum
253 4182 359 4232 aereus
382 4165 504 4230 edicere
526 4181 618 4246 poseo
640 4165 698 4228 1100
720 4161 825 4228 modo:
