2936 4908
834 327 843 336 .

495 403 551 416 ἱ-
618 372 675 442 ω
739 405 778 418 w

109 555 313 645 Ίδλφουσσνι,
340 548 545 637 edomas),
573 557 650 624 faota
672 557 854 636 iombmtur.
870 560 971 624 'Sobel
991 559 1029 624 Α.
1044 567 1078 626 ,et
1096 559 1139 622 B:
1153 559 1199 632 tl.¹

104 660 214 740 XXlil,
241 659 315 726 366.
359 657 524 728 Ποσειδῶν
549 656 706 748 ἐρασθεὶς
735 653 884 749 Ἐριννύος
918 657 971 726 nat
1003 653 1188 744 praecalidi-ain

104 756 164 850 τήν
186 754 286 830 αὑτοῦ
300 752 402 850 ,φύσιν
429 756 476 838 εἷς
495 756 595 828 ἵππον
626 758 719 850 ἐμίγη
749 755 831 829 6666
859 761 1015 830 Βοωιιδων
1040 756 1189 851 baptimi

110 857 279 954 Τιλφοὺσᾳ
298 855 396 954 κρήνῃ
410 856 456 950 ’ἦ
483 863 519 930 δὲ
540 860 648 950 ἔγκυος
667 863 816 954 γενομένη
835 862 936 931 ἵππον
957 855 1124 953 abelianos,
1152 857 1189 942 ὃς

107 961 163 1034 διδ
184 961 223 1034 66
241 964 419 1057 κρατίστων
433 957 579 1055 ’Ἀρείων
596 959 729 1056 ἐκλήθη.
772 961 922 1056 Κοιιρεδς
948 965 998 1047 66,
1026 959 1189 1056 micipsae

107 1062 284 1156 βασιλεύων
308 1061 433 1188 πόλεως
457 1066 628 1187 Βριωιίας,
655 1068 752 1156 ἔλαβε
772 1071 872 1238 δῶρον
894 1063 991 1136 αὐτὸν
1011 1063 1100 1159 πικροὶ
1118 1076 1188 1142 Πο-

105 1171 269 1293 σειδρῖνος.
287 1161 380 1250 οὗτος
402 1163 502 1236 δὲ
461 1165 556 1246 αιπδν
576 1164 759 1260 Ἡρακλει
742 1171 833 1261 ,εχαρί
833 1194 910 1240 occo
930 1171 1094 1258 γενομένῳ
1107 1165 1188 1291 πρδς

106 1267 229 1356 αὐτόν·
251 1267 354 1396 τούτῳ
375 1270 413 1339 δὲ
432 1265 693 1359 διαγωνισάμενος
713 1269 867 1364 Ἡρακλῆς
887 1269 968 1363 πρὸς
981 1267 1113 1392 Κύρνον,
1134 1267 1189 1342 ab

101 1372 223 1467 ’Ἄρεως
243 1369 327 1455 υἱόν,
354 1367 433 1442 καθ
445 1373 717 1500 ἱπποδρομὶον’
699 1376 837 1466 seruposa
866 1375 900 1443 ἐν
924 1403 970 1464 τῳ
998 1377 1057 1444 τοῦ
1078 1385 1188 1462 Roya-

107 1478 202 1555 σαίου
223 1463 455 1556 'Ammonos‘
441 1501 534 1566 ιερῳ,
557 1472 577 1546 6
597 1478 666 1547 ἐστι
686 1474 768 1599 πρός
793 1484 922 1570 Τρηχῖνι
942 1483 1004 1558 (sic
1016 1482 1115 1546 scribe
1119 1501 1188 1562 pro

111 1582 294 1672 Τροιζῆνι).
323 1571 390 1647 ate
406 1573 552 1670 ὕστερον
580 1573 674 1662 οὗτος
701 1576 723 1648 6
754 1576 909 1672 Ἡρακλῆς
941 1574 1115 1671 Ἀδράστῳ
1134 1575 1189 1648 σδν

107 1686 213 1756 πῶλον
231 1675 448 1772 aspicias
429 1706 476 1770 σῳ
507 1674 547 1750 οὗ
565 1676 661 1768 μόνος
681 1709 699 1751 o
690 1665 937 1782 ἰιἾδριιιστοςἶ
919 1709 954 1750 aa
978 1683 1037 1750 τοῦ
1066 1688 1189 1772 &atich

109 1812 165 1856 κου
152 1785 318 1871 πολέμου
329 1776 482 1873 διεσώθη,
499 1784 561 1852 τῶν
573 1779 676 1864 ἄλλων
688 1775 903 1872 ἀπολομένων.
927 1813 947 1875 η
939 1779 1085 1891 ἱστορέω
1100 1781 1189 1875 παρὰ

109 1894 178 1970 τοῖς
197 1889 375 1968 Κυκλικοις.
420 1891 486 1965 Qua
507 1910 548 1954 ex
569 1910 603 1954 re
624 1893 778 1973 utriusque
800 1894 859 1956 loci
874 1893 996 1973 antiqua
1018 1893 1188 1958 οοιιιιιιισιιο

110 2003 244 2076 apparet.
288 1992 409 2058 Cereris
431 1984 584 2077 Erinyes·
596 2014 683 2075 quam
696 1992 800 2056 Cereri
822 1993 961 2072 Europae
976 1995 1188 2074 antiquissimis

107 2096 291 2178 temporibus
312 2097 411 2180 pullae
434 2105 591 2178 cognatam
612 2097 705 2162 fuisse
728 2097 890 2160 verisimile
918 2104 978 2175 est,
1006 2104 1040 2160 ut
1066 2099 1187 2162 οιιιιιιιιιι

109 2195 246 2280 Cereris,
269 2201 393 2280 pristina
416 2207 520 2264 natura
532 2208 579 2262 est
601 2200 676 2268 deae
688 2200 850 2277 terrestris,
874 2200 921 2263 oui
937 2200 1077 2279 quoniam
1099 2199 1189 2281 ptan-

108 2311 156 2366 tae
186 2320 246 2365 uon
280 2302 375 2366 solum
405 2304 548 2366 florentes
577 2302 633 2365 sed
663 2303 750 2365 etiarn
779 2303 941 2364 morientes
973 2308 1043 2364 sunt
1071 2319 1187 2388 sacrae,

108 2407 206 2485 neque
229 2405 325 2470 solum
347 2403 506 2468 fertilitatis
529 2405 584 2468 sed
607 2406 696 2468 etiarn
722 2404 1194 2485 sterilitatiscausa'plantarum,

107 2514 138 2570 et
159 2506 278 2589 bugum
306 2527 324 2568 e
353 2515 437 2569 terra¹
460 2509 645 2576 nascentium
671 2505 856 2584 attribuitur,
884 2507 972 2568 etiarn
993 2523 1135 2572 moerens
1158 2516 1189 2572 et

106 2611 181 2672 irata
204 2627 274 2672 esse
297 2609 475 2692 lingebatur.
515 2609 552 2673 Ut
566 2605 659 2672 Ceres
673 2609 783 2700 Erinys
797 2611 949 2676 terrestris
965 2608 1031 2682 suit,
1041 2610 1097 2674 dea
1111 2611 1188 2698 reli-

105 2714 203 2794 gionis
231 2711 502 2791 antiquissimorum
534 2721 701 2796 temporum
732 2710 929 2800 symbolicae,
961 2713 1005 2774 sio
1029 2713 1136 2778 Arion
1158 2721 1189 2776 et

106 2816 189 2898 ipse,
223 2812 437 2878 (lorensis.
467 2816 579 2880 Terrae
602 2823 634 2878 et
659 2815 805 2899 Neptuni,
838 2833 980 2896 aquatum
1006 2814 1070 2892 dei,
1098 2816 1200 2896 iilius„

107 2917 182 2980 deus
203 2916 258 2980 but
280 2917 442 2986 terrestris.
486 2917 603 2983 Nomen
625 2920 690 2982 eius
712 2917 863 3000 portendit
888 2917 927 2979 ad
954 2933 1061 2980 vocem
1078 2907 1189 3004 Ἄρης,

107 3022 157 3104 qui
177 3021 287 3102 priscis
311 3019 494 3100 temporibus
522 3029 610 3085 atrox
636 3003 736 3084 terrae
768 3021 842 3108 fleus
872 3020 972 3084 saevis
999 3027 1029 3082 et
1057 3021 1189 3096 cruentis

106 3123 259 3188 sacrificiis
282 3122 446 3185 colebatur.
493 3123 660 3188 Thebarum
682 3124 730 3186 hic
752 3125 893 3206 princeps
915 3122 969 3186 fuit
991 3123 1076 3202 deus,
1104 3125 1191 3188 cuius

106 3227 151 3288 ira
172 3226 254 3318 bella
275 3233 305 3288 et
319 3225 517 3304 calamitateS,
540 3227 665 3308 quaein
687 3226 763 3288 hanc
778 3225 883 3290 urbem
898 3228 1060 3305 irruerunt,
1083 3243 1188 3292 omnes

106 3330 254 3392 excitatae
277 3335 354 3392 sunt.
400 3328 484 3390 Unde
510 3327 582 3390 belli
608 3323 683 3392 deut
710 3328 790 3396 Mars
816 3326 912 3392 iactus
942 3336 997 3392 est.
1042 3329 1187 3394 Ροιοοιιι-Ι

109 3429 197 3492 mode
220 3431 311 3511 igitur
332 3429 439 3507 Αιιοιι,
462 3431 523 3512 qui,
546 3449 635 3511 quum
656 3448 753 3511 aeque
777 3448 813 3493 ac
834 3439 986 3513 parentes,
1010 3429 1187 3494 CeresEri-

104 3549 161 3615 nys
184 3540 215 3596 et
231 3532 398 3614 Neptunus,
421 3533 490 3615 equi
511 3532 607 3597 torma
630 3533 748 3597 indutus
770 3535 877 3614 priscis
891 3532 1074 3614 temporibus
1097 3533 1187 3618 cogi·-

99 3642 185 3698 tatns
209 3619 432 3717 asset„postea
452 3655 494 3722 ex
516 3635 637 3700 deorum
652 3635 757 3700 ordine
780 3635 918 3702 detrusus
932 3634 1040 3696 divinis
1061 3633 1186 3710 heroum

106 3739 192 3819 equis
223 3737 389 3819 adscpiptus
420 3746 480 3816 est,
511 3737 642 3801 Adrasto
666 3739 784 3801 Thebas
799 3738 886 3822 'bello
915 3736 1037 3798 vexanti
1060 3734 1185 3797 additur.

106 3841 285 3904 Posteriora·
302 3847 401 3914 aetate
432 3858 520 3920 quum
542 3841 666 3921 pristina
696 3839 818 3912 Arionis
853 3847 956 3899 natura
983 3843 1013 3898 et
1040 3837 1126 3917 origo
1156 3840 1187 3900 in

105 3943 256 4006 oblivione
279 3943 406 4032 iaceret,
429 3939 539 4022 poetae
558 3943 636 4024 alios
660 3944 687 4005 ei
715 3942 880 4004 tribuerunt
902 3946 1057 4020 parentes,
1081 3940 1187 4020 quibus

105 4045 292 4130 celeritatem
313 4045 382 4132 equi
396 4035 617 4125 ‚significarent
663 4044 765 4124 laquo
782 4051 814 4105 ut
835 4041 872 4106 ab
893 4042 1025 4106 Homero
1046 4041 1096 4132 [ll.
1108 4043 1186 4119 xvi,

106 4147 196 4222 150.)
220 4146 346 4217 Acttillis
369 4131 460 4230 equ,
476 4147 521 4213 sio
538 4165 555 4210 a
573 4147 687 4224 Quinto
703 4147 869 4226 Smyrnaeo
888 4144 1005 4222 (Postb
1027 4145 1077 4224 lv,
1093 4146 1189 4222 569.)
