2936 4908
132 565 171 616 eo
205 557 358 631 tempore,
392 563 452 630 qun
483 545 676 609 Antimachus
702 543 733 607 in
760 544 857 605 lucem
886 540 1012 624 prodiit,
1050 535 1130 604 illurn
1157 544 1215 616 iam

131 649 192 716 vita
215 650 385 716 deiunctum
414 665 485 712 essa
509 649 671 712 verisimile
699 653 754 708 est.
800 644 972 724 Sedunum
1001 641 1215 710 Antimacheae

130 767 264 836 poeseos
297 770 395 835 genus
424 752 546 814 multum
578 769 644 814 curn
669 747 836 831 Panyaside
865 741 1062 810 simulitudinis
1093 747 1216 810 baberet

131 866 162 920 et
184 854 393 918 Antimachum
416 854 445 916 in
463 854 613 916 nonnullis
641 853 732 916 rebus
761 850 889 912 sortasse
914 850 1034 914 anuum
1057 851 1122 912 eins
1144 869 1216 913 sec-

50 999 51 1010 r
129 967 256 1024 tutorem
290 956 439 1020 vidissent
471 958 672 1038 posteriores,
709 961 742 1016 ut
769 955 805 1016 ei
841 953 1059 1030 obtrectarent,
1096 971 1215 1016 servum

129 1060 307 1144 Panyasidis
328 1075 397 1120 enm
421 1059 568 1123 dixerunt.
613 1058 777 1121 Posteriori
800 1057 878 1118 enim
907 1063 1060 1136 tempore,
1082 1055 1113 1118 id
1137 1057 1216 1136 quod

128 1163 205 1226 inira
233 1161 419 1237 ¹videbimus,
452 1161 536 1224 multi
567 1159 700 1236 fuerunt,
732 1159 781 1238 qui
815 1158 852 1221 de
880 1158 1048 1221 Antimacbi
1080 1158 1215 1220 laudibus

131 1265 336 1327 detraherent.
381 1261 487 1328 Snidas
502 1269 604 1346 numm
616 1261 667 1323 vel
683 1260 812 1340 priores,
836 1279 854 1322 e
876 1260 983 1340 qubus
997 1261 1104 1338 hausit,
1127 1275 1216 1341 quum

130 1365 205 1427 illud
228 1363 368 1426 traditum
389 1365 589 1444 accepissent,
611 1364 652 1424 ita
673 1359 959 1443 interpretationem,
987 1370 1019 1424 ut
1041 1361 1216 1443 discipulum

133 1483 202 1528 eum
224 1464 416 1546 Panyasidis,
439 1481 499 1528 non
522 1481 642 1527 servum
663 1471 840 1526 statuerent.
885 1462 1096 1528 Stesimbrotus
1118 1472 1217 1526 autem

129 1567 273 1644 Thasius,
308 1567 432 1630 Periclis
456 1566 669 1647 aequalis¹')¹,·
694 1568 744 1646 qui
778 1565 941 1647 allegorica
967 1565 1090 1629 Homeri
1118 1568 1216 1628 iuter-

129 1671 301 1751 pretationc
326 1685 398 1732 usus
420 1677 480 1746 est,
508 1669 535 1731 si
563 1676 681 1750 tempus
703 1669 897 1749 respicimus,
931 1668 1099 1730 Antimachi
1121 1650 1216 1749 prae·

134 1780 239 1854 ceptor
269 1787 340 1834 esse
373 1771 486 1852 potuit3
519 1769 575 1834 sed
605 1777 768 1852 propterea
796 1779 908 1834 tantum
942 1791 1010 1834 cum
1037 1763 1216 1834 Antimacho

132 1876 315 1956 compositus
337 1873 473 1951 videon,
504 1871 583 1953 quod
613 1871 727 1936 eisdem
754 1872 860 1954 quibus
887 1874 939 1937 itte
964 1874 1069 1940 studds
1097 1873 1215 1938 deditus

132 1975 194 2039 luit.

181 2117 187 2132 ·
214 2079 297 2142 Haec
330 2079 368 2141 de
403 2077 571 2140 Antimachi
602 2074 780 2159 Colophonii
820 2079 880 2142 vita
917 2078 1039 2142 tradita
1059 2081 1214 2158 babemus,

128 2199 223 2262 pauca
257 2190 348 2261 atque
378 2182 501 2242 incerta.
547 2180 658 2244 Omnes
691 2189 810 2260 autem,
844 2183 893 2263 qui
924 2183 1002 2268 inter
1033 2182 1215 2266 Graecorum

127 2286 294 2366 scriptores
317 2283 497 2362 afferuntur,
531 2283 727 2346 Antimachus
753 2281 957 2366 Colophonius
988 2285 1162 2347 celebritate
1185 2288 1216 2345 et

128 2387 227 2467 gloria
249 2386 336 2450 facile
361 2389 524 2468 superavit.
567 2385 775 2450 Antimachum
795 2387 917 2464 Teium,
945 2388 1062 2466 epicum
1085 2395 1216 2468 poetam,

130 2491 216 2552 cetus
238 2507 329 2552 unum
349 2490 530 2552 versiculum
551 2485 690 2552 Clemens
713 2489 936 2552 Alexandrinus
949 2492 990 2563 l¹³)
1013 2493 1215 2578 conservarit,
1322 2487 1323 2496 ’

126 2600 341 2684 commemorat
362 2591 596 2664 Plutarchus²⁵h
645 2593 730 2654 Alius
759 2592 942 2670 Antimacbi,
974 2592 1060 2674 lyrici
1094 2602 1214 2674 poetae,

124 2694 239 2756 mentio
270 2694 303 2756 dt
331 2695 369 2758 ab
401 2693 604 2776 Aristophane
630 2696 661 2756 in
697 2693 948 2758 Achemensibns
974 2716 1003 2757 v.
1037 2696 1132 2758 lld9.
1165 2697 1215 2777 qni

125 2913 288 2976 Trochiracri
305 2923 427 2991 (Panyas.
445 2939 470 2992 p.
484 2921 540 2990 tt.)
559 2925 678 2989 rationes,
696 2925 786 2994 quibus
801 2933 829 2975 ut
844 2923 939 2976 Suidae
955 2924 1040 2976 verbis
1056 2923 1216 2978 bdemiacint

124 2993 268 3046 Antimachi
291 3002 317 3045 et
339 2993 488 3060 Panyasidis
510 2997 576 3046 vitas
599 3011 674 3064 quam
697 2997 805 3046 marinna
829 3002 914 3061 potest
939 2992 1075 3048 extendere
1099 3003 1125 3046 et
1151 2996 1216 3051 inter

123 3077 153 3112 se
178 3070 331 3114 connectere
358 3061 453 3127 studet,
482 3062 584 3114 diluisse
607 3063 667 3114 mihi
695 3063 784 3115 videor
807 3065 833 3116 in
854 3063 959 3132 Berghii
985 3072 1011 3114 et
1035 3063 1108 3116 Caes.
1132 3063 1214 3117 Diarr.

126 3129 231 3202 Antiqtn
250 3127 327 3186 ledi.
344 3129 375 3182 H.
390 3131 447 3184 hh·

162 3211 209 3281 13)
245 3213 336 3269 Athen.
354 3216 420 3283 xm,
445 3216 504 3270 589.
527 3216 557 3270 E.
593 3218 631 3269 De
654 3217 804 3270 Antimacho
829 3225 855 3269 et
883 3209 1048 3272 Stesimbroto
1070 3211 1162 3273 Thasio
1189 3221 1215 3276 in

124 3284 267 3336 Homericis
282 3286 370 3338 studiis
385 3286 544 3340 versantibus
561 3287 620 3340 vide
637 3285 733 3340 Tatian.
759 3285 827 3339 Orat.
846 3285 902 3339 adv.
920 3287 1008 3340 Gracc.
1023 3289 1050 3352 §-
1060 3287 1215 3375 wat-‚¹⁶⁰-

123 3368 166 3420 ed.
185 3368 263 3421 Parin
300 3351 382 3444 ssepi
402 3354 468 3460 ²²2⁶,
495 3345 653 3460 αξριῆσεως
680 3356 739 3420 τοῦ
764 3347 899 3461 Ὀμξὴρου
922 3354 1029 3443 γένους
1055 3381 1091 3422 τε
1117 3355 1217 3424 αυτοῦ

122 3436 183 3607 aad
206 3430 483 3612 χὸιζνουώηκαὲὸιν
508 3462 646 3591 prienaee,
672 3461 915 3594 ἓρρηείευνηιέοὲν
945 3441 976 3509 οἱ
1002 3435 1216 3593 compulsor&

124 3547 375 3708 Enpdlprflzyardcc
389 3636 427 3680 ce
455 3532 624 3692 dflgffto'g
638 3553 704 3684 ,zat
713 3533 942 3698 “Mfflxocd'
950 3549 1215 3719 ὁγεζίοὼςῷώὲς

121 3687 294 3784 Ἡρόδοτος
324 3691 405 3764 ced
436 3691 543 3768 Ἀλικα
579 3694 694 3778 ασσεύς
726 3701 779 3767 aad
810 3693 1017 3778 Διονύσιος.ὁ
1043 3691 1215 3778 ’Olcadum

124 3780 208 3844 Quem
227 3783 311 3835 locum
329 3785 461 3851 exscripsit
475 3787 568 3839 Ense.
592 3786 682 3854 Praep.
699 3788 746 3839 Eu.
766 3788 796 3839 x.
811 3805 836 3855 p.
849 3784 908 3839 tut.
927 3785 966 3837 ed.
985 3785 1071 3854 Vigor.
1107 3787 1212 3840 Stesim-

123 3851 191 3903 bruti
208 3853 364 3919 potissimum
382 3853 522 3921 exemplam
544 3855 659 3908 olfecisse
675 3856 793 3918 uidetur,
817 3864 843 3905 ut
869 3854 1032 3906 Antimachus
1052 3857 1214 3909 recensendis

123 3919 267 3974 Homericis
286 3922 438 3974 carminibus
459 3939 547 3976 manus
568 3925 722 3978 admoueret.

163 4003 210 4068 ll]
234 4005 428 4091 ’ClennxAlen'
443 4009 533 4062 strom.
553 4010 592 4062 Vl.
602 4027 635 4093 p.
651 4010 744 4096 oea,
802 4021 830 4092 Ἰ
975 4074 981 4098 Ι
1194 4043 1201 4054 .

162 4153 209 4218 ¹⁵]
240 4076 612 4214 ssfffledfflsrtffl
634 4104 693 4156 κᾳκ
722 4081 921 4166 ανθρωποισι
941 4077 1098 4144 πελονται.
1158 4141 1163 4152 ,
