2898 4868
281 591 285 601 ¹
328 609 332 618 ·
362 569 472 632 Euseb.
496 571 601 650 Pracp.
624 567 679 632 Ev.
696 569 735 646 X,
754 567 784 632 3.
807 559 826 632 ὁ
848 556 1030 647 Ἀντίμαχος
1050 557 1092 629 τά
1105 553 1250 653 Ὀμὴροο-
1265 560 1368 630 κλέπ-

241 719 244 726 -
276 692 338 738 των
368 669 593 758 παραδιορθσῖ.
645 660 779 758 Ὁμήρου
810 661 870 755 χάρ
899 657 1052 744 chaduce
1102 657 1217 746 ,Ἴδεώ
1246 658 1297 746 θ’,
1323 657 1370 742 ὃς

275 764 479 860 κάρτιστσς
501 767 731 852 ἐπιχθονίων
752 761 865 855 γένετ’
887 761 1064 858 ἀνδρῶν·“
1102 761 1289 852 Ἀντίμαχος
1311 766 1365 834 λέ·

275 893 333 959 χει·
373 866 475 943 ''Idaai
498 865 546 953 θ’,
566 866 662 950 ὅς·-
682 864 725 959 ἦν
746 865 900 962 ἀνδρῶν.
945 870 1013 938 Καὶ
1033 863 1214 962 Λυκόφρων
1237 869 1368 962 ἐπαινεῖ

192 1025 196 1034 -
276 972 333 1064 τήν
353 969 542 1061 μετάθεσιν,
570 968 615 1052 ὠς
634 968 677 1041 δι’
702 967 801 1061 αὐτῆς
822 972 1042 1064 έστηριχμένσυ
1063 974 1121 1040 τοῦ
1141 971 1273 1055 ratpero
1316 967 1367 1039 Τά

275 1072 345 1165 peip·
385 1072 478 1158 „Tdo
505 1071 534 1142 δ’
561 1069 874 1162 ἀπαμειβόμενος
903 1075 1076 1166 προσέφη
1109 1075 1241 1163 κρείων
1272 1079 1368 1142 Διο-

275 1172 418 1267 μὴδης“
443 1183 497 1257 (fr.
521 1182 607 1261 ta),
630 1180 724 1266 σιγῶ,
757 1172 896 1269 Ὁμήρου
916 1179 1157 1300 κομῳόηθέιτος
1185 1173 1249 1246 ἀπὸ
1271 1185 1365 1269 K‘pc-

191 1364 192 1368 ρ
275 1280 361 1348 τένσυ
382 1275 437 1349 dod
458 1276 496 1348 τὸ
518 1276 730 1352 πλεσνάσαι’
713 1308 746 1350 εν
774 1284 829 1370 τῷ·
860 1277 994 1365 „adad
1016 1275 1232 1367 ἀπαμειβόι
1233 1287 1364 1360 ιενος“.

275 1378 355 1473 ὅπερ
378 1379 460 1458 οὕτω
482 1381 702 1474 πεποιημένον
723 1378 780 1453 σάκ
801 1380 936 1474 ὤκνησεν
957 1380 1141 1469 Ἀντίμαχος
1162 1388 1365 1470 μεταθεῖναι

225 1529 251 1556 ·.
279 1488 345 1555 Τοῦ
365 1487 431 1569 δέ,
433 1489 568 1570 ‚Accio
591 1483 856 1569 σῖσινάνασσε,
878 1483 1001 1578 πατήρ
1024 1481 1093 1554 <5³⁰
1065 1481 1247 1576 agitatos
1267 1480 1364 1576 ἧεν“,

248 1617 250 1624 ’
274 1585 480 1678 “ομηρικσῦ”
460 1615 563 1672 οντσς,
594 1616 647 1658 και
637 1585 762 1658 πάλιν
784 1585 925 1709 ἀλλαχοῦ
946 1613 1008 1658 που
1036 1589 1252 1677 λεχομένσνῃ
1254 1591 1311 1672 ‚Oi
1334 1586 1365 1658 d'

277 1691 361 1759 ἐπεὶ
386 1685 706 1782 ἀμφοτέρωθεν
689 1685 940 1782 εκαρτάναντο
967 1687 1194 1782 φάλαχχας“,
1223 1688 1363 1762 ὁἈντί-

274 1819 376 1880 μαχος
396 1795 549 1879 μεταθεὶς
571 1790 733 1882 ἡμιστίχια
755 1795 917 1884 πεποίηκε·
949 1795 1095 1877 ,,Λαῶν,
1125 1787 1222 1863 οἷσιν
1251 1790 1365 1864 ἀνασ-

275 1919 355 1980 σον,
390 1890 644 1986 ἐκαρτύναντο
680 1891 906 1987 φάλαχχας“.
938 1900 992 1976 (fr.
1023 1891 1147 1976 49.)ss
1194 1903 1292 1977 Quum
1322 1923 1366 1966 ex

277 1991 428 2096 'Thebaide
447 2021 572 2070 versum
594 2003 722 2068 XLVIII.
746 2012 894 2084 sumptum
918 2021 987 2067 esse
1012 2024 1052 2067 ex
1081 2005 1175 2085 Ipsius
1198 2003 1235 2069 fr.
1257 2005 1365 2068 verbis

275 2107 444 2185 uideamus,
476 2105 581 2188 quibus
607 2107 770 2169 Diomedes
793 2107 970 2186 colloquens
993 2106 1157 2186 inducitur,
1189 2108 1364 2182 eneadem

275 2210 390 2292 reliqua
414 2228 534 2292 quoque
557 2210 609 2274 frr.
633 2211 811 2291 scriptorem
834 2208 975 2270 citavisse
1005 2227 1189 2284 censemus„
1219 2210 1268 2272 Fr.
1292 2210 1365 2292 qui-

276 2311 344 2376 dem
365 2312 467 2375 XLVI.
492 2320 523 2374 ut
546 2313 689 2376 Thebaidi
719 2311 937 2388 adiudicemus,
968 2310 1038 2375 Idae
1066 2331 1212 2394 persona,
1239 2313 1364 2396 dequo

276 2434 385 2482 sermo.
400 2424 460 2494 est,
484 2425 691 2498 argumentum
714 2424 768 2478 est.
782 2415 854 2476 satis
877 2423 1000 2477 certum.
1045 2414 1093 2477 Ab
1116 2413 1163 2480 Et.
1178 2415 1218 2479 M.
1241 2435 1271 2496 p.
1285 2415 1361 2480 465.

275 2512 309 2582 s.'
324 2538 352 2580 v.
369 2508 453 2594 Ἴδας
483 2539 523 2582 ex
549 2519 726 2582 Antimacho
755 2518 879 2582 affertur
900 2507 1038 2593 ’λδαντσς
1062 2508 1174 2605 κούρη,
1208 2537 1285 2600 quae
1313 2528 1363 2582 est
1412 2540 1416 2544 ·

240 2651 242 2656 ·
276 2620 452 2702 Cleopatra,
486 2622 612 2704 Melagri
644 2640 730 2686 ιιιισι.
776 2621 836 2683 Iam
864 2640 952 2700 quum
979 2619 1148 2682 Antimaohi
1176 2616 1362 2684 Thebaidem

275 2715 298 2785 a
315 2722 461 2806 Meleagri
483 2733 580 2787 morte
602 2725 753 2807 incepisse
776 2725 888 2806 apertis
910 2721 1012 2786 uerbis
1039 2722 1177 2810 traditum
1203 2723 1256 2802 sit,
1289 2721 1361 2787 Idae

275 2829 340 2891 siue
367 2826 478 2890 idantis
506 2829 595 2890 liliam
632 2829 755 2910 eiusque
788 2834 904 2907 patrem
933 2825 964 2886 in
994 2824 1147 2896 Thebaide
1176 2835 1360 2890 memoratos

276 2948 346 2994 esse
374 2938 405 2993 et
426 2931 594 2994 Antimachi
616 2949 736 3008 versum
759 2946 849 3008 supra
871 2925 1034 2990 exhibitum
1050 2928 1157 2991 eodem
1179 2927 1244 2991 fere
1266 2949 1359 3007 nexu,

163 3053 166 3058 ·
275 3051 334 3113 quo
357 3033 386 3094 in
409 3029 494 3095 Hom.
516 3032 549 3094 Il.
573 3031 627 3110 ΙΧ,
653 3030 736 3108 558,
758 3031 789 3091 in
813 3028 965 3092 Thebaide
987 3030 1084 3093 Iocum
1107 3029 1265 3109 habuisse,
1297 3053 1358 3094 non

274 3133 414 3204 audacius
435 3141 482 3195 est
495 3133 687 3196 contendere.
703 3170 736 3179 -
784 3135 897 3196 Versus
914 3151 1004 3214 supra
1021 3135 1205 3215 propositus,
1229 3135 1280 3215 qui
1290 3136 1359 3200 iere

275 3235 313 3296 ad
335 3234 460 3296 verbum
482 3253 549 3297 cum
571 3235 603 3297 tt.
623 3235 674 3314 ΙΧ,
697 3234 768 3320 558.
798 3237 952 3318 congruit,
981 3235 1151 3318 exemplum
1177 3245 1223 3299 est
1245 3247 1357 3318 poetae

269 3340 303 3416 in
326 3335 458 3399 Homero
481 3337 622 3400 imitando
645 3340 719 3401 ultra
743 3339 862 3401 modum
885 3338 1104 3420 praecedentis.
1150 3338 1237 3413 Quod
1263 3358 1300 3402 ca
1322 3360 1358 3404 re

156 3492 159 3502 .
273 3422 381 3504 facium
396 3439 524 3526 videtur,
548 3440 637 3523 quod,
661 3461 750 3522 quum
766 3441 887 3504 Homeri
903 3441 1002 3504 studio
1017 3440 1212 3504 Antimachus
1228 3443 1358 3508 maxime

244 3587 245 3594 ι
274 3544 392 3608 deditus
415 3552 510 3622 esset,
534 3543 690 3608 multorum
714 3563 853 3606 versuum
872 3543 1098 3607 Homerioorum
1122 3547 1264 3607 memoria
1288 3546 1357 3608 ani-

273 3667 352 3712 mum
381 3647 445 3710 eius
471 3647 570 3712 subiit.
616 3647 674 3711 Sed
705 3665 881 3727 quamquam
907 3645 1066 3708 Homerico
1096 3666 1187 3710 versu
1217 3649 1357 3710 Antima-

267 3752 367 3815 'chous
391 3735 570 3845 aliquantum
591 3751 806 3820 numerositate
830 3756 1002 3829 superatur,
1030 3756 1078 3827 ut,
1101 3751 1127 3810 si
1149 3751 1240 3828 velis,
1264 3752 1356 3812 Anti-

273 3854 367 3916 machi
398 3856 583 3916 nervosioris
612 3853 761 3916 sermonis
791 3852 918 3914 studIum
943 3853 1030 3914 ctiam
1058 3852 1115 3914 hoo
1146 3853 1213 3922 loco
1239 3871 1356 3936 agnos-

272 3974 343 4056 cere
372 3933 488 4035 possis;
508 3955 591 4019 mhil
619 3965 717 4020 tamen
745 3954 849 4033 habet,
888 3973 940 4018 cur
965 3957 1158 4035 vituperetur.
1204 3955 1354 4036 Adiungi-

271 4075 336 4156 mus
360 4057 443 4118 huic·
