2936 4908
501 368 766 437 ...ll-.-

94 554 237 622 sianooiis
256 553 358 620 nona
386 555 513 621 deeius
538 556 676 620 carminis
698 553 819 636 ormino
844 555 984 621 historiae
1007 559 1095 620 fidem
1118 576 1177 624 non

94 659 208 736 hahet,
230 657 287 722 hoc
310 664 408 720 minen
427 665 541 720 certum
563 666 624 735 est,
646 666 678 719 ιιι
700 677 717 720 a
743 658 851 722 Nanno
873 659 1056 739 Mimnermi,
1080 663 1177 726 aLe-

96 762 179 824 ontio
218 759 471 824 Hermeshmctis
507 761 637 822 carmina
650 759 708 837 ²⁸),
746 761 792 844 sic
828 779 845 822 a
878 760 981 842 Lydae
1026 763 1178 828 ettiusdam

96 861 275 926 Antimacho
300 869 414 927 suntne
432 863 553 926 nomine
567 862 795 926 Antimachenm
813 879 921 943 poema
944 864 1057 931 ticulum
1074 883 1178 948 sump-

97 965 184 1026 sisse.
230 960 322 1026 ouius
344 964 493 1045 poematis
517 962 683 1046 hagaeno
708 964 795 1026 nohis
822 955 1095 1031 conservationis
1122 970 1179 1046 eis,

95 1081 174 1144 quae
197 1073 319 1128 veteres
340 1067 506 1145 scriptores
534 1066 571 1128 de
594 1085 632 1130 eo
654 1065 851 1144 tradiderunt,
868 1086 964 1146 quum
986 1068 1178 1149 conferimus
1205 1137 1207 1146 ,

45 1201 49 1206 -
94 1167 145 1230 via
167 1167 240 1228 satis
268 1175 352 1252 certa
378 1183 417 1228 eo
442 1168 604 1246 pervenire
630 1169 717 1230 nobis
747 1169 895 1245 uidentur,
925 1178 957 1232 ut
989 1170 1060 1250 qnid
1080 1173 1179 1234 nonti-

98 1271 199 1332 nuarit
226 1285 343 1348 quaque
368 1268 484 1331 ratione
511 1270 706 1350 compositum
731 1269 819 1331 fuerit
845 1273 1069 1351 perspiciamus.
1108 1273 1180 1336 Plu-

99 1371 194 1434 iarah.
213 1369 304 1434 Cous
328 1369 366 1432 ad
384 1369 484 1450 Apoll.
507 1389 538 1452 p.
562 1369 633 1432 106.
656 1370 690 1432 Β.
711 1360 948 1456 Ἀποθανούσρς
967 1372 1025 1458 τῆς
1038 1368 1181 1456 γυναικὸς

1 1511 2 1514 =
97 1463 199 1538 αὐτου
187 1463 348 1587 Λῦδρς,
354 1464 452 1594 πρὸς
467 1461 512 1556 ἣν
538 1462 815 1587 φιλοστόργως’
785 1495 865 1552 ειχε,
892 1494 994 1560 παραρ
979 1465 1096 1554 petato
1123 1475 1181 1560 τῆς

93 1564 197 1659 λυπης
227 1564 316 1692 αυτρῖ
345 1569 475 1658 ἐποίησε
506 1567 564 1659 τήν
593 1567 731 1658 stipem
756 1565 813 1658 τήν
842 1572 1031 1660 καλουμένην
1059 1568 1180 1663 Λύδην,

98 1665 416 1798 ἐξαρριλμησᾶμενος
425 1667 484 1750 τοὶς
520 1668 659 1763 ἦρωϊκας
691 1670 870 1763 συμφορὰς,
906 1678 975 1752 τοῖς
1005 1669 1181 1767 αλλλιτρίοις

82 1781 207 1855 πολλοῖς
231 1769 356 1846 ἐλάιτω
375 1771 433 1863 τήν
454 1774 569 1844 ἑαυτοῦ
593 1800 692 1844 ποιων
714 1770 823 1866 λύπην.
847 1781 985 1856 Quibus
1011 1801 1050 1846 ex
1079 1784 1195 1848 verbis.

100 1883 198 1946 elucet
228 1883 388 1946 multorum
418 1882 560 1948 heroicae
588 1884 693 1946 aetatis
719 1884 870 1946 hominum
893 1890 924 1946 et
945 1882 1073 1948 fortasse
1101 1886 1181 1948 deos

99 2004 166 2047 rum
189 1984 267 2062 iata,
295 1986 457 2066 praecipue
480 1984 624 2064 aduersa,
651 1985 859 2056 Antimachum
881 1987 912 2048 in
937 1986 1022 2068 Lyde
1045 1996 1181 2068 pertrac-

100 2097 193 2151 tasse.
237 2087 394 2152 Plutarcho
418 2095 515 2152 antem
537 2087 613 2153 fides
635 2088 753 2152 additur
775 2089 819 2152 eis
842 2105 919 2170 quae
937 2096 1073 2152 tenemus
1094 2089 1183 2172 frag-

102 2193 219 2254 mentis.
271 2190 437 2272 Oedipodis
469 2190 598 2252 iabulam
627 2193 657 2254 in
684 2209 722 2254 eo
757 2189 881 2254 infuisse
911 2191 1021 2254 indicat
1050 2191 1085 2254 fr.
1115 2193 1181 2268 LV;

98 2292 135 2358 Ir.
149 2293 236 2359 LVII.
252 2302 402 2375 sumptum
417 2293 542 2357 ‘videtur
559 2313 599 2356 ex
620 2295 791 2358 narratione
803 2294 1002 2372 Proserpinae
1025 2311 1043 2354 a
1057 2294 1189 2372 Plutone

102 2404 206 2478 raptae
242 2405 273 2460 et
306 2415 322 2457 a
355 2393 468 2458 Cerere
496 2403 590 2456 matre
617 2413 673 2475 par
703 2395 808 2456 orbem
839 2402 985 2456 terrarum
1017 2397 1181 2476 quaesitae.

99 2499 341 2579 Angonautarnm
358 2496 588 2578 ,expeditionem
610 2503 641 2557 et
661 2495 777 2568 Iasonis
799 2496 985 2576 Medeonque
1008 2515 1127 2561 amores
1152 2501 1183 2562 in

101 2619 141 2664 co
159 2600 325 2682 descriptos
347 2599 441 2665 ruisse
458 2606 593 2680 apertum
610 2604 656 2660 est
679 2617 718 2659 ex
732 2585 783 2660 irr.
797 2599 1006 2662 Lx-van.
1044 2600 1091 2662 Fr.
1108 2601 1181 2664 ttv.

101 2721 164 2784 quo
186 2701 378 2768 referendum
400 2702 454 2779 sit,
476 2699 664 2767 maniIestnm
677 2699 870 2780 quidemnon
892 2709 949 2779 est,
972 2701 1027 2762 sed
1039 2699 1182 2767 heroicae
1258 2715 1263 2728 ·

101 2806 227 2870 ahcuius
243 2805 385 2894 historiae
395 2803 552 2866 frustulum
562 2821 633 2886 esse
646 2810 779 2884 apparet.
813 2802 858 2864 Eo
875 2802 990 2865 aceedit
1005 2802 1039 2864 ir.
1054 2804 1182 2867 LXVIII.

102 2909 275 2973 recentiore
297 2917 434 2988 tempore
456 2901 620 2988 prolatum,
644 2905 725 2988 quod
746 2903 785 2968 ad
805 2905 1183 2988 Bellerophontem'spec-

100 3020 152 3076 ιιιι
198 3011 282 3079 Ilaec
303 3018 388 3088 sunt,
417 3027 494 3090 quae
521 3029 561 3072 ex
589 3007 763 3090 fragmentis
791 3009 930 3073 extricari
958 3016 1097 3089 possunt3
1129 3009 1183 3072 sed

100 3114 194 3184 multo
217 3113 321 3194 plures
341 3112 456 3177 fabulas
478 3112 536 3176 illis
559 3111 642 3174 libris
665 3110 898 3192 comprehensas
913 3110 1006 3174 fuisse
1030 3114 1102 3173 satis
1125 3132 1184 3176 ex-

101 3218 250 3298 ploratum
271 3215 426 3280 habemus.
472 3214 550 3288 Quid
572 3215 651 3276 enim
672 3213 938 3296 Agatharchidem·
954 3211 1104 3293 Cnidium,
1122 3216 1183 3300 qui

100 3321 180 3380 circa
202 3319 249 3382 01.
275 3317 345 3382 160.
370 3319 459 3395 vixit,
472 3317 743 3393 commoventur
760 3317 791 3378 in
804 3318 955 3396 epitomen
969 3335 1077 3398 poema
1098 3317 1183 3380 redi.

99 3421 210 3501 geret?
224 3418 265 3494 ²⁹)
699 3439 704 3448 ·

187 3539 248 3602 Iam
270 3558 345 3602 vero
368 3542 393 3601 si
416 3541 577 3617 rationem,
600 3557 658 3619 qua
678 3555 760 3600 resa
782 3546 872 3618 poeta
894 3539 924 3600 io
936 3537 1022 3618 Lyde
1044 3537 1183 3618 pertrac-

101 3648 184 3703 tatae
203 3643 277 3720 sint,
306 3643 492 3722 quaerimus,
522 3642 630 3704 eodem
652 3640 716 3706 iere
739 3640 844 3718 modo,
876 3658 935 3724 qno
956 3642 987 3701 in
1008 3639 1184 3705 HermesIa-

101 3745 197 3806 motis
217 3744 346 3807 Leontio
356 3745 416 3822 ²⁰),
438 3745 572 3826 singulas
594 3743 708 3808 tabulas
731 3759 802 3806 sese
818 3741 977 3822 excepisse
999 3741 1183 3806 verisimilli-

135 4014 183 4078 18)
218 4015 310 4067 Athcn.
325 4013 390 4078 XIII,
408 4013 513 4066 noni.

136 4082 185 4148 19)
219 4083 291 4135 I’hot
308 4082 373 4134 Bihl.
393 4081 456 4133 Cod
475 4077 615 4148 ccxittp
618 4079 701 4134 567.
720 4079 759 4131 ed
775 4075 849 4132 1653.

134 4150 184 4216 20)
221 4151 283 4204 Vide
304 4151 384 4204 Naeh
402 4149 512 4204 Choeril.
530 4167 554 4218 p.
573 4098 615 4204 73Ρ
687 4185 690 4194 ·

426 4257 437 4286 v
