2936 4908
524 377 791 448 ...21-

107 566 216 630 llorat
240 553 305 630 Art.
330 567 412 631 Poat.
439 567 510 630 tle.
534 583 611 648 quau
633 584 723 648 supra
740 567 923 631 laudavimus
938 569 1040 632 verba.
1086 573 1199 646 Quam

106 685 200 748 quarn
224 685 283 731 non
306 671 416 746 libros,
445 673 494 751 qui
518 669 604 734 facile
628 671 656 731 in
680 679 809 733 mentem
833 673 969 748 veniunt,
998 672 1044 733 his
1068 673 1198 736 volumi-

105 771 199 832 nibus
221 773 384 854 significari
416 773 465 836 vel
493 771 562 836 inde
592 772 706 850 elucet,
738 773 817 854 quod
846 775 901 834 iam
928 775 958 835 iu
989 774 1065 836 libro
1093 778 1195 855 quinto

105 874 289 958 convivium,
303 874 427 938 ducibus
449 884 553 938 eontra
577 875 696 952 Thebas
713 875 893 957 proiecturis
915 878 946 937 in
962 875 1088 956 Adrasti
1111 877 1197 939 aodi-

104 975 165 1038 bus
196 985 357 1058 apparatur
387 997 487 1060 neque
518 980 588 1042 licet
614 978 750 1042 arbitrari
781 995 833 1044 eas
863 996 932 1054 res,
964 999 1042 1060 qaae
1072 979 1109 1042 ab
1140 981 1197 1042 troo

105 1085 246 1160 tempore
269 1097 364 1162 nsque
387 1081 424 1142 ad
447 1083 542 1162 ipsam
568 1081 784 1164 profectionem
813 1080 909 1144 iactae
937 1090 1020 1160 sunt,
1049 1082 1108 1148 lam
1134 1083 1194 1144 lata

103 1180 277 1264 descriptas
299 1201 387 1261 esse,
419 1191 451 1245 ut
479 1177 548 1248 Xlll
573 1184 666 1246 libros
697 1186 895 1266 impleverim.
941 1183 1096 1262 Volumina
1124 1193 1193 1248 aaut

104 1286 244 1347 minores
266 1284 410 1346 librorum
432 1286 604 1366 particulae.

198 1411 282 1474 lianc
309 1420 408 1476 autern
434 1431 534 1475 rerum
565 1414 674 1478 molem
703 1433 759 1496 qua
790 1423 853 1478 arte
884 1413 1066 1495 disposuerit
1095 1424 1193 1495 poeta,

103 1533 198 1594 quum
222 1535 262 1579 eu
284 1516 416 1578 frustulis
438 1517 541 1596 paucis
565 1523 597 1578 et
626 1519 728 1598 parvis
759 1517 844 1579 nobis
868 1516 981 1578 traditis
1005 1533 1193 1597 cognoscere

103 1635 168 1680 non
192 1621 356 1700 possimus,
380 1619 493 1698 pariter
515 1626 605 1700 atque
630 1619 660 1681 in
682 1619 780 1681 multis
803 1619 868 1680 aliis
883 1617 974 1680 rebus
997 1618 1034 1680 ad
1056 1626 1193 1682 veterum

106 1719 216 1784 iudicia
239 1719 325 1782 nobis
347 1719 558 1802 refugiendum
580 1729 636 1784 est.
675 1722 776 1803 ltaque
799 1723 829 1783 in
845 1720 1067 1794 Quintilianum)
1092 1723 1200 1802 partes

105 1841 287 1904 quamquam
313 1830 400 1886 caute
423 1825 550 1886 transire
573 1841 628 1888 nos
651 1831 787 1906 oportet,
816 1825 865 1904 apri
893 1823 1136 1904 dispositione
1163 1831 1194 1884 et

105 1925 247 1988 omnino
270 1931 346 1988 arte
371 1925 621 1990 Antimachum
644 1925 757 1991 de'lici
791 1933 903 1989 censet.
949 1926 1049 2000 Quare
1077 1938 1137 1988 non
1159 1931 1193 1987 ut

106 2030 251 2091 interiore
274 2045 324 2090 res
347 2045 427 2092 nexu
452 2037 538 2091 erant
556 2032 744 2112 coniunctae,
767 2027 822 2090 sed
844 2035 875 2090 ut
891 2034 1026 2108 ternpore
1049 2027 1192 2108 deinceps

105 2147 178 2192 sese
212 2139 415 2212 exceperunt,
456 2139 659 2213 pertractatae
690 2132 838 2194 videntur.
883 2129 956 2192 Eam
989 2133 1122 2212 inprimis
1152 2131 1191 2193 ob

105 2251 228 2296 causam
250 2234 389 2315 cyclici
417 2243 551 2316 poetae
578 2235 697 2298 nomine
720 2242 838 2297 notatus
863 2241 919 2296 est.
964 2233 1041 2294 Vide
1072 2232 1109 2295 de
1135 2233 1192 2294 hac

104 2355 140 2398 re
164 2336 316 2402 Welcher.
342 2333 425 2422 cycl.
450 2340 528 2418 epia.
552 2356 582 2419 p.
609 2335 670 2398 102
693 2352 758 2417 sqq.
783 2339 831 2416 qui
859 2335 946 2398 alleri
969 2335 1066 2398 Schol.
1090 2335 1191 2396 Acro-
1225 2415 1232 2424 ι

107 2442 155 2502 nis
179 2439 216 2502 ad
239 2439 341 2502 llorat.
364 2440 430 2502 Art.
454 2440 536 2502 l‘oet.
561 2437 640 2502 136:
666 2433 926 2519 „Cyclieuspoeta
950 2444 1010 2514 est,
1034 2438 1083 2517 qui
1106 2435 1191 2498 ordia

106 2561 179 2604 nem
212 2542 328 2604 variare
358 2541 469 2615 riesrlt3
500 2541 550 2604 vel
584 2541 633 2621 qui
666 2541 796 2604 carmina
824 2557 878 2600 sua
909 2538 1078 2602 circumfert
1106 2541 1191 2619 quasi

104 2642 376 2718 circumforaneus;
408 2650 457 2706 aut
479 2662 588 2720 nomen
612 2644 764 2723 proprium
787 2649 833 2704 est
855 2639 994 2724 Cyclicus
1021 2649 1051 2704 et
1073 2643 1190 2723 signi-

105 2747 196 2808 iicat
225 2744 504 2809 Antimachum«
545 2743 643 2810 Schol.
675 2744 888 2826 Porphyrionis
918 2745 1038 2823 saepius
1072 2762 1189 2814 memo-

105 2857 217 2912 ratum:
248 2848 482 2920 Antimachus
511 2847 579 2912 suit
607 2847 772 2930 cyclicus
801 2853 918 2928 poeta.
960 2845 1015 2907 llic
1044 2863 1188 2926 agressus

105 2961 152 3016 est
174 2954 342 3030 materiam,
367 2971 454 3034 quam
477 2943 611 3016 extendit
631 2969 717 3032 sqqe
764 2950 863 3016 Schol.
895 2945 1032 3030 Cruquii:
1047 2935 1050 2944 “
1065 2946 1189 3030 „Cycli-

108 3076 161 3120 cus
184 3065 289 3140 poeta,
313 3057 362 3140 qui
385 3057 515 3124 carmina
537 3074 591 3118 sua
614 3051 784 3118 circumlert
806 3051 890 3133 quasi
919 3049 1189 3126 circumforaneum

110 3167 173 3222 aut
194 3178 327 3223 nomen
351 3167 410 3222 est
440 3159 566 3221 datum
595 3157 837 3233 Antimacho,
869 3157 919 3242 qui
943 3155 1052 3218 bellum
1080 3153 1189 3216 l'roia-

107 3283 175 3328 num
198 3267 363 3346 scripturus
386 3263 429 3325 sic
452 3263 577 3342 incepit:
601 3261 760 3324 Fortunam
777 3259 883 3321 Priami
901 3259 1027 3321 cantabo
1041 3265 1072 3319 et
1087 3257 1187 3345 nobile

106 3366 245 3430 bellum«
294 3366 410 3431 Scholia
439 3367 532 3446 igitar
564 3381 755 3446 quamquam,
792 3369 825 3424 ul
859 3381 937 3424 nunc
967 3361 1076 3442 scripta
1109 3369 1187 3436 sunt,

109 3487 253 3552 perverse
277 3467 444 3530 Horatianis
464 3467 619 3530 versibus:
647 3467 718 3530 Nec
742 3467 795 3528 sic
819 3465 989 3545 incipies,
1012 3471 1049 3525 ut
1071 3463 1187 3542 scrip·
1293 3493 1296 3500 ·

104 3581 159 3634 ior
181 3572 341 3654 cyclicus
370 3569 467 3634 olim:
486 3571 690 3632 'Fortunam
719 3585 785 3650 spp.
810 3567 1016 3630 Antimachum
1029 3564 1193 3644 'designa--

107 3683 165 3738 lum
188 3692 257 3740 esse
280 3674 397 3752 volunt,
421 3673 549 3736 eundem
571 3680 671 3736 tamen
693 3671 836 3754 cyclicum
851 3676 969 3752 poetam
992 3666 1100 3729 dictum
1117 3681 1186 3732 esse

104 3787 256 3842 testantur.
302 3775 388 3854 Quod
410 3777 479 3839 inde
503 3777 568 3838 sine
591 3765 681 3838 duhio
710 3773 818 3837 lactum
847 3780 910 3846 est,
942 3769 1021 3850 quod
1048 3775 1185 3849 poemata

103 3884 166 3944 cius
190 3881 226 3944 ud
250 3880 437 3964 Cyclicorum
459 3877 680 3942 similitudinem
710 3877 806 3958 prope¹
833 3863 1038 3958 accesserunt.¹
1081 3869 1185 3954 Cycli-

136 4165 183 4224 to)
219 4161 338 4222 Quinctil.
357 4161 387 4224 tt,
410 4161 432 4220 l,
450 4159 497 4212 53..
