2936 4908
104 588 201 650 etiam
221 585 302 668 apud
324 584 481 652 Pindarum
502 594 585 650 extat
605 587 708 664 (Nem.
732 588 781 667 lv,
795 588 876 666 sb),
899 607 954 670 pro
976 581 1035 656 dat
1056 589 1114 672 Ap.
1140 589 1195 652 Rh.

103 688 162 767 111,
186 689 332 778 apuli.
357 689 429 756 172.
467 686 580 752 Gallim.
603 687 640 752 H.
663 689 726 754 lov.
756 689 807 754 32.
837 690 902 754 Nic.
925 691 1067 773 Alexiph
1092 692 1122 756 9.
1146 691 1196 753 ll.

106 789 187 854 123.
210 789 283 854 603.
322 791 416 873 01pr
438 791 514 874 Arg'.
537 790 611 858 cot.
636 801 667 856 et
688 793 795 876 Hymu
818 793 905 860 Nom.
926 794 1008 872 xix,
1030 793 1089 873 25,
1119 793 1198 874 quod

105 895 313 976 posteriorem
336 895 401 958 eius
423 895 525 977 hymni
547 903 675 960 aetatem
697 896 842 975 ostendit,
873 905 904 960 et
926 896 1055 960 fortasse
1078 898 1108 958 in
1130 897 1198 960 An-

105 987 233 1058 tima'ehi
252 996 291 1059 fr.
313 995 422 1059 Xlllll.
438 983 473 1040 ⁹-
511 989 721 1080 nauseantem
746 1005 873 1062 metrum
899 1017 959 1062 non
981 1001 1110 1080 patitur:
1125 984 1198 1060 Cod.

106 1099 242 1181 Rehdig.
265 1096 452 1182 κεκοθμύνα.
481 1101 569 1174 Quod
583 1101 749 1164 Meinekius
762 1102 931 1182 suspicatur
942 1098 1200 1187 neaaqptvpretia

106 1203 220 1264 cimus:
254 1202 404 1288 Verbum,
434 1201 514 1287 quod
541 1203 680 1265 latendi
705 1203 859 1265 notionem
882 1205 1046 1282 contineat,
1077 1204 1201 1266 deside*

104 1303 231 1380 ramus¹3
254 1311 348 1384 quate
370 1303 497 1367 silente
519 1304 610 1367 lectio
633 1302 862 1392 κεκρομμέκη
885 1306 954 1367 olim
970 1323 993 1368 a
1016 1307 1201 1394 noblsjpross

108 1407 227 1490 posita¹
246 1391 309 1468 non
332 1405 500 1488 prohetpr,
535 1405 697 1471 Hermanni
716 1415 759 1470 *et
791 1408 914 1493 Berghii
943 1404 1202 1492 κεκοθημέκη,
1318 1433 1321 1440 ·

108 1507 198 1589 quod
220 1507 290 1570 attbl
317 1509 435 1589 qaiidem
460 1527 521 1570 non
550 1510 690 1592 legitur,.
705 1511 760 1574 sed
788 1511 964 1573 Antimacho
993 1511 1117 1592 dignuin
1144 1513 1203 1588 est3

111 1611 315 1692 comprobare
337 1628 398 1674 non
421 1611 599 1676 dubitamus
632 1613 734 1679 sicet
761 1631 868 1676 versus
896 1619 928 1676 et
953 1613 1102 1676 sententia
1124 1613 1203 1675 bene

112 1715 194 1779 linit:
230 1712 400 1796 luppiter
422 1732 565 1796 specum
588 1713 813 1793 construxit,
834 1724 874 1778 ut
902 1715 1098 1778 Phoenicis
1121 1714 1203 1777 lilia

112 1817 167 1878 ibi
202 1825 303 1880 esset
337 1817 541 1880 recondita.
593 1817 727 1881 Eandem
764 1818 828 1881 lere
866 1819 1044 1880 sententiam
1077 1816 1204 1880 lacobsr'i

115 1921 266 2000 scriptura
288 1921 434 1983 continet:
456 1911 563 2007 τόφρα
585 1944 636 1986 κεν
659 1921 710 2006 εἴη
733 1917 879 1996 Φοίνικος
899 1911 996 2007 κούρη
1017 1941 1054 1985 τε
1070 1917 1204 1985 κεκεοθζ

114 2018 218 2102 prisce,
241 2029 279 2084 ut
302 2024 436 2104 etipse
459 2023 651 2106 etEurcpa
669 2023 719 2086 ihi
742 2024 913 2101 laterent3
937 2023 992 2088 sed
1007 2025 1094 2086 nimis
1108 2041 1205 2104 quae-

116 2127 207 2186 sitam
229 2145 296 2187 earn
318 2142 389 2189 csse
411 2143 577 2190 censemus.
616 2127 704 2202 Quod
717 2129 896 2191 Duebnerus
919 2129 1076 2211 proponit:
1098 2117 1205 2214 τόφρα
1292 2123 1297 2132 ’

117 2249 171 2292 κεν
193 2227 244 2312 εἵη
264 2230 420 2302 (nimirum
441 2221 480 2293 cd
501 2221 630 2320 ἄντρον)
656 2228 802 2306 Φοίνικος
823 2223 984 2317 κούρη...
1012 2232 1112 2306 (velut
1132 2227 1204 2294 κεύ-

115 2333 212 2408 sog),
240 2331 360 2413 longius
383 2351 399 2393 a
423 2351 496 2394 vcro
520 2333 672 2395 abhorret.
689 2371 722 2382 -
766 2335 823 2397 Pro
852 2334 968 2416 vulgari
996 2335 1205 2397 terminatione

117 2447 149 2505 in
171 2437 197 2508 ’ἆ
212 2445 396 2506 restituimus
412 2434 508 2530 κούρη
524 2441 715 2530 κεκρομμένη
729 2454 780 2506 vet
796 2441 1002 2530 κοκοθημὲνη.
1037 2441 1110 2507 Cod.
1121 2442 1206 2506 Neh-

117 2547 183 2628 dig.
213 2547 337 2625 praebet
358 2537 463 2633 κούρη.
513 2547 707 2608 Antimachus
735 2548 834 2608 multis
862 2547 982 2627 quidem
1011 2549 1041 2611 in
1070 2548 1161 2611 rebus
1187 2567 1203 2609 a

116 2651 253 2729 priorum
275 2651 425 2729 epicorum
447 2651 564 2712 ratione
585 2651 728 2728 recessit,
760 2649 814 2713 sed
842 2669 880 2713 ne
902 2651 1023 2733 longius
1045 2650 1205 2713 recederet
1306 2652 1308 2657 ’

119 2751 298 2832 epicuntqne
320 2753 454 2814 colorem
483 2753 571 2832 plane
600 2753 736 2816 aboleret
770 2755 904 2816 cavebat.
949 2753 996 2815 Ex
1019 2753 1117 2818 Schol.
1140 2751 1205 2814 Nic.

119 2853 211 2916 Ther.
235 2853 265 2918 3.
287 2865 410 2935 apparet
435 2856 644 2919 Antimachum
673 2858 797 2937 eiusque
824 2863 1005 2918 sectatorem
1026 2854 1207 2918 Nicandrum

120 2957 171 3019 hic
193 2959 254 3021 illic
275 2958 414 3022 Doricam
431 2959 602 3022 adhibuisse
617 2959 790 3035 dialectum;
813 2958 867 3022 sed
889 2967 922 3022 ut
936 2957 1116 3022 Nicandrum
1138 2975 1207 3020 om-

122 3063 194 3123 nino
217 3062 311 3140 epicis
334 3061 590 3124 terminationibus
613 3081 698 3126 usum
720 3080 789 3126 esse
813 3082 852 3125 ex
875 3063 967 3141 ipsius
987 3061 1138 3141 poematis
1158 3061 1208 3122 vi·

125 3163 245 3242 demum,
267 3164 308 3225 ita
330 3164 524 3227 Antimachus
547 3182 666 3245 quoque
689 3167 823 3246 singulas
846 3173 957 3228 tantum
978 3165 1108 3230 Doricae
1131 3165 1208 3228 alia-

122 3285 248 3347 rumque
272 3267 465 3332 dialectorum
488 3265 599 3332 lcrrnas
623 3267 739 3332 admisit
761 3267 851 3350 idque
875 3269 904 3330 in
930 3268 1084 3332 vocabulis
1106 3269 1207 3330 rario-

123 3369 206 3432 ribus
237 3371 424 3452 usurpandis.
470 3372 566 3445 Quum
593 3379 693 3434 autem
721 3372 884 3450 scriptores
917 3378 1074 3450 poetarum
1100 3387 1209 3432 versus

125 3473 251 3536 citantes
287 3474 463 3552 saepissime
492 3475 640 3554 poeticum
668 3491 754 3537 usum
782 3475 959 3556 neglexisse
991 3473 1207 3552 vulgaremque

96 3626 99 3634 .
124 3593 297 3638 sennonem
323 3577 459 3640 intulisse
481 3586 597 3640 eertum
624 3578 662 3640 sit
689 3595 790 3658 neque
811 3593 880 3640 raro
904 3579 935 3637 in
958 3572 1044 3636 codd
1067 3573 1209 3652 pristinas

124 3676 238 3740 formas
261 3680 362 3756 epicas
384 3679 569 3743 oblitteratas
592 3697 670 3744 esse.
684 3680 851 3743 videamus:
876 3681 920 3742 eis
943 3683 1054 3738 tanturn
1070 3676 1100 3736 in
1122 3674 1208 3752 locis,

126 3780 176 3842 uhi
199 3788 336 3844 veteram
360 3783 535 3846 testimoniis
559 3784 691 3860 nitimur,
722 3783 760 3844 ab
783 3783 869 3868 epicc
899 3795 1039 3840 sermone
1062 3776 1208 3842 recedere

126 3883 214 3944 nobis
236 3884 315 3946 licet.
360 3883 515 3946 Eiusmodi
544 3886 712 3964 exemplum
743 3894 878 3959 tenemus
905 3882 940 3943 ir.
959 3883 998 3943 ·V.
1021 3880 1071 3943 Vl.
1104 3872 1209 3968 Τύύης

127 3985 238 4048 Dorice
256 4001 311 4064 pro
339 3977 465 4060 Τυδεύς.
501 3987 577 4050 Aliis
600 4007 674 4049 vero
697 3989 772 4049 locis
795 3987 909 4064 epicam
930 3983 1057 4046 lerinam
1079 4003 1210 4047 revoca·

127 4107 206 4164 mus3
238 4091 281 4150 sic
304 4107 358 4169 pro
376 4081 551 4174 ’Ἄδραστος
577 4090 733 4151 scribimus
752 4087 897 4150 'omuibus
926 4087 999 4150 locis
1019 4078 1217 4176 'hippias
1265 4081 1271 4098 ⁸

129 4200 159 4252 οι
182 4190 219 4255 lr.
242 4192 314 4256 Llll.
338 4189 492 4278 κορυφῇσι
515 4209 569 4269 pro
592 4192 709 4272 uulgari
732 4191 908 4274 κορυφαῖοι.
