2926 4864
493 375 650 440 ..57
719 413 751 424 ..

68 551 139 617 Sed
163 570 323 637 perperam
345 556 392 621 bic
409 553 604 623 Eratostheni
627 581 746 627 uersum
770 565 878 629 tribuit.
923 568 1001 648 Nos,
1024 577 1162 651 utsupra
1214 605 1217 610 ·

68 655 277 723 exhibuimus.
315 657 349 720 lu
370 659 548 726 Animadvv
560 663 630 725 olim
645 683 685 728 ex
698 667 792 730 Bell.
812 668 948 734 luenda
962 669 1017 734 lll.·
1013 691 1054 752 ·.p
1067 671 1162 737 1394.

67 759 229 821 attulimus
255 755 436 827 verbotuo
461 753 602 830 Λοίδων
603 761 731 874 (ἐστι
758 761 848 834 δὲ’
828 791 945 852 ονομα
971 772 1160 853 ποταμοῦ)
1208 783 1210 790 ’

68 851 151 924 ῦπδ
172 847 394 943 Ἀντιμάχου
422 857 487 930 δια
516 865 584 932 τοῦ
603 859 634 932 ἶο
656 861 834 936 κλίνεται
848 864 1052 958 οίναλόμως,
1079 865 1161 940 οἷον

70 953 268 1040 ’Λάδωνος

407 1139 526 1202 xxxi.
572 1157 644 1220 (sm.
663 1157 705 1211 aa.
723 1159 754 1212 o.
772 1159 854 1223 em·
926 1103 929 1110 Ι

67 1282 71 1288 ’
108 1303 111 1308 ·
165 1270 441 1356 Stcpb.Byz.s;v.
465 1265 1158 1362 Αἶα.--ἜστινᾼίακαίΜακιδο-

69 1365 294 1459 νίαςπηγη,
317 1366 366 1451 ιῦς
384 1366 604 1500 Ἀντίμαχος
626 1376 663 1445 ἐν
687 1379 866 1481 Θηβαίδι.
888 1383 926 1447 cf.
940 1384 986 1446 llt.
1000 1385 1040 1448 Μ
1053 1404 1083 1465 p.
1106 1385 1157 1448 27.

70 1465 147 1540 Ala
175 1475 320 1541 καλεῖται
351 1476 450 1543 καλ
432 1503 535 1566 κρηνη.
558 1477 592 1546 ἐν
623 1481 779 1600 Παιονίης
816 1485 911 1549 strab.
942 1486 1004 1550 vll.
1031 1505 1060 1567 p
1084 1485 1156 1550 330.
1174 1487 1182 1494 ’

72 1578 203 1702 (509.;)
230 1573 365 1644 Eustatb.
387 1580 424 1644 ad
447 1582 480 1646 ll
502 1583 539 1661 ll,
562 1583 634 1648 850.
661 1577 747 1670 πηγή
772 1582 808 1649 δὲ
829 1583 961 1670 πλησίον
983 1578 1159 1670 Ἀμυδῶνος

71 1669 146 1746 Αἶα
167 1674 578 1771 canticumpsalmum
598 1678 700 1803 ww.
710 1683 935 1754 ἐκδιδοῦσα
906 1709 952 1778 εις
972 1681 1027 1754 τδν
1042 1683 1157 1772 Ἀξιον,

70 1772 110 1858 δς
133 1779 169 1847 ἐκ
189 1783 315 1849 πολλκῦν
335 1778 550 1873 πληρούμενος
566 1787 715 1869 ποταμοῖν
736 1783 873 1876 θολερός
893 1787 966 1879 ῥέει.
1003 1792 1068 1867 Qua
1090 1813 1158 1856 cum

72 1905 109 1948 re
132 1895 164 1949 ut
184 1888 271 1950 Hom.
294 1888 327 1952 ll
343 1888 379 1967 ll,
396 1889 468 1952 850.
501 1881 621 1971 Ἀξίου,
643 1913 682 1955 oc
666 1879 869 1958 κάλλιστον
889 1886 975 1981 ὕδωρ
996 1890 1156 1983 ἐπικίδνα
1262 1901 1266 1906 ’

72 2011 129 2052 ται
150 1977 223 2054 αἶαν
245 1999 442 2072 congrueret,
466 2002 587 2057 veteres
613 1995 723 2071 critici,
754 2013 828 2075 quos
856 1997 943 2059 etiam
972 1977 1078 2063 Strabo
1101 2017 1155 2062 se-
1256 2023 1258 2028 ·

71 2099 160 2154 cutus
183 2101 243 2172 est,
270 2113 391 2158 versum
418 2096 496 2160 bunc
522 2115 616 2177 prave
642 2105 791 2160 mutarunt
818 2098 863 2170 iu·
891 2087 1007 2178 Ἀξίου,
1029 2089 1153 2185 ᾧκιίλ-

73 2193 180 2272 λιστον
200 2188 286 2284 ὕδωρ
308 2193 505 2263 ἐπικίδναται
527 2198 623 2277 Δίας,
646 2192 758 2264 iontem
781 2197 875 2262 Aeam
898 2200 1110 2281 intelligentes.

730 2355 757 2390 ο

562 2402 701 2466 XXXII.

123 2609 128 2618 ¹
226 2529 304 2618 βοῦς
326 2527 475 2624 δστρίμοο
498 2528 657 2623 ἐξήλασεν

159 2674 243 2736 Phot.
266 2674 369 2737 lexic.
399 2694 429 2756 p
457 2673 529 2738 258
557 2677 656 2737 Herm.
686 2681 733 2759 [p.
765 2675 836 2739 35t
866 2679 979 2751 Pura).
1009 2671 1151 2765 δστριμα,

73 2773 235 2863 περίβολοι
252 2775 371 2862 κτηνιῦν
385 2775 437 2842 καί
457 2767 523 2843 οἷον
545 2768 704 2855 ἐπαύλεις·
724 2771 943 2898 Ἀντίμαχος
965 2778 1151 2863 Θηβαίδι

73 2878 163 2961 βοῦς
183 2905 210 2944 κ.
222 2902 250 2942 ι.
264 2879 292 2943 λ.
312 2917 346 2927 -
372 2879 469 2944 Media
483 2882 598 2963 syllaba
614 2883 698 2944 vocis
721 2872 867 2968 δστριμον
881 2881 983 2964 brevis
999 2890 1046 2944 est
1051 2903 1060 2959 3
1083 2882 1165 2959 vide

33 3001 40 3010 ·
73 2983 220 3064 Lycophr.
244 2981 333 3046 Alex.
356 2983 407 3045 ot.
452 2984 490 3045 Ut
507 2992 632 3046 metrum
654 2985 892 3066 redintegretur,
915 2985 1030 3048 scribe:
1127 2981 1129 2986 ’

182 3093 184 3098 ’
221 3084 317 3176 βόας
342 3084 522 3182 δσιρίμον
548 3086 768 3178 ἐξήλασσαν.
896 3143 898 3150 ,

75 3203 455 3268 Ceterumvideir.103.
498 3206 544 3268 De
571 3224 648 3268 voce
674 3199 820 3293 ῦσιριμον
847 3205 884 3269 cl.
913 3207 1043 3288 Hesych.
1071 3227 1149 3283 αν.

74 3297 215 3394 δσιριμον
230 3323 241 3350 ·-
258 3304 291 3372 ἐν
317 3297 346 3392 ᾦ
371 3303 405 3372 αί
437 3305 563 3395 δεριναί
588 3306 693 3391 μοναί,
728 3298 913 3384 τόπος·οί
944 3305 981 3374 δὲ
1009 3304 1148 3384 ἔπαυλις.

74 3410 164 3482 Quem
185 3411 285 3472 locum
306 3412 333 3473 si
355 3430 421 3472 cum
443 3411 548 3472 Photio
572 3413 790 3492 componimus,
822 3413 966 3494 colligere
993 3413 1064 3474 licet
1085 3413 1148 3473 cir-

75 3519 254 3593 cumseptum
276 3509 369 3574 fulise
390 3513 490 3575 locum
512 3511 693 3591 subdialem,
723 3517 754 3574 in
781 3532 841 3594 quo
864 3514 1071 3596 autlhomines
1093 3530 1149 3594 per

75 3621 212 3676 aestatem
233 3613 420 3692 habitabant,
443 3620 497 3676 aut
515 3633 626 3695 pecora
649 3615 888 3678 continebantur.
931 3613 1021 3695 Apud
1045 3614 1148 3695 lycc-

75 3716 222 3797 pbronem,
249 3723 281 3778 ut
302 3717 334 3777 in
348 3715 518 3779 Antimachi
539 3716 657 3793 verbis,
680 3716 718 3778 de
740 3717 863 3779 stabulis
886 3714 1071 3796 intelligitur.
1108 3715 1146 3778 ls.

76 3819 155 3881 Voss.
176 3836 232 3900 pro
254 3809 405 3904 δίστριμον
426 3819 476 3880 vel
497 3815 597 3898 potius
619 3815 771 3903 αίδριμον
793 3818 902 3880 dictum
925 3833 995 3880 esse
1018 3818 1067 3880 ait.

374 3987 529 4052 xxxiii.
574 4001 648 4070 (scu.
666 3975 757 4054 ouo.
776 4001 834 4068 ιι.)

36 4109 40 4116 .
153 4141 249 4205 Sobel.
277 4142 413 4208 adstat.
441 4139 533 4204 Theb.
562 4138 613 4217 lll,
647 4139 719 4204 466.
764 4140 903 4206 Gemini
935 4149 1057 4290 va5tes,
1096 4142 1146 4221 qui
