2936 4908
273 577 375 629 conum
397 561 474 626 ratic
496 577 534 626 eo
546 557 710 640 praecipua
722 559 971 640 conspiciebatur,
995 557 1075 638 qaod
1088 556 1224 622 ordinem
1234 560 1358 624 variare
1412 589 1413 592 π

273 665 460 738 nescierunt;
490 661 668 726 Antimacho
697 669 795 724 autem
817 660 1020 743 dispositionis
1048 667 1080 722 et
1100 661 1177 724 artis
1206 659 1358 724 delectum

176 851 182 858 .
274 775 396 830 ueteres
419 768 583 846 scriptores
612 765 687 846 uitio
715 763 871 828 dederunt.
915 761 975 829 Sed
1004 781 1058 828 cae
1088 779 1156 838 res,
1185 779 1261 843 quae
1290 781 1358 824 cum
1413 773 1414 852 l

275 869 397 950 cyclicis
421 869 518 949 poetis
541 869 570 932 ei
593 873 857 945 suntcommunes,
880 885 970 946 quum
988 864 1135 932 eiusmodi
1156 865 1229 957 sint,
1251 872 1357 930 utnon
1413 859 1414 874 ¹

274 972 400 1035 consilto
425 978 456 1032 et
476 969 619 1033 industria
642 987 660 1032 a
682 976 772 1050 poeta
794 971 853 1032 sint
875 970 1044 1049 quaesitae,
1058 1021 1061 1028 .
1074 965 1128 1028 sed
1157 987 1198 1030 en
1220 967 1357 1030 imbecil-

211 1091 213 1100 ’
273 1075 356 1138 litate
380 1072 507 1154 quadam
529 1072 618 1132 animi
633 1072 782 1152 originem
798 1072 958 1149 traxerint,
981 1071 1058 1132 inter
1071 1067 1265 1150 foycucmum
1285 1087 1358 1130 sec-

220 1211 232 1232 ·
276 1184 390 1242 latores
410 1173 617 1240 Antimachum
639 1173 758 1236 referre
787 1191 848 1238 nou
869 1174 949 1238 licet.
995 1173 1079 1246 Quae
1106 1180 1138 1234 ut
1167 1171 1359 1254 sibisingu·
1414 1137 1415 1210 Ῑ

275 1280 349 1343 laria
372 1277 496 1340 consilio
526 1284 614 1358 poeta
642 1275 793 1338 allectavit
823 1285 853 1339 et
880 1277 1016 1353 novavit,
1047 1293 1083 1337 ea
1110 1276 1140 1336 in
1162 1275 1359 1338 insolentiora

241 1439 243 1444 .
276 1381 437 1463 praecipue
462 1385 491 1440 et
510 1377 678 1444 difficiliore
701 1397 854 1458 sermone,
876 1381 926 1460 qui
948 1379 1009 1444 vim
1031 1387 1062 1440 ct
1084 1379 1261 1460 gravitatem
1284 1377 1357 1457 gig·

276 1491 377 1562 neret,
401 1484 483 1544 etin
506 1461 839 1546 doctrinae'lactatione
863 1481 1068 1546 versabantur.
1113 1478 1172 1544 Sed
1195 1479 1357 1542 verisimile
1415 1495 1416 1508 ¹

277 1592 416 1650 estante
439 1583 645 1650 Antimachum
668 1593 773 1664 pectas
801 1584 893 1647 luisse
921 1585 1043 1668 epicos,
1071 1583 1122 1664 qui
1148 1581 1273 1644 eandem
1301 1584 1358 1644 iam

277 1687 356 1748 viam
378 1686 518 1766 inissent,
547 1704 622 1768 quos
645 1685 838 1753 Antimachus
866 1693 985 1751 secutus
1012 1685 1131 1768 longius
1158 1683 1360 1766 audaciusque

279 1806 460 1874 progressus
483 1791 530 1850 sit.
576 1788 656 1854 lnter
670 1807 744 1870 quos
762 1791 980 1854 numeraverim
993 1790 1152 1870 Panyasin,
1175 1789 1360 1868 cuiusquam

279 1908 385 1958 servus
412 1891 461 1954 vel
491 1889 652 1972 discipulus
680 1910 696 1952 a
723 1893 876 1957 veteribus
903 1893 999 1956 dictus
1027 1893 1086 1968 sit,
1113 1899 1178 1960 arta
1204 1889 1359 1972 utriusque

278 2001 386 2077 poetae
409 1993 578 2058 coniunctio
600 1993 728 2056 indicata
751 1995 876 2058 videtur.
923 1994 1163 2060 Confirmateam
1186 1993 1359 2073 opinionem

280 2096 504 2172 Quintiliano)
536 2098 711 2185 auctoritas,
742 2099 791 2178 qui
822 2098 970 2178 Panyasin
1002 2096 1090 2160 tradit
1110 2116 1164 2185 ,ex
1191 2079 1360 2176 utroque,

278 2197 439 2266 Hesi-odo
463 2205 497 2260 et
518 2199 748 2277 Antimacho,
776 2197 921 2262 mixtum
948 2198 1086 2284 putari,
1115 2187 1361 2278 neutriusque

278 2319 434 2382 aequare
463 2301 635 2374 virtutem
670 2302 821 2366 alterum
859 2311 974 2366 tamen
1010 2299 1208 2376 (Hesiodum)
1243 2301 1285 2362 ab
1321 2321 1361 2364 co

279 2405 446 2479 materia,
489 2404 641 2473 alterum
680 2405 921 2480 (Antimachum)
957 2395 1177 2485 disponendi
1215 2403 1362 2488 rati-one

279 2508 455 2587 superari.
499 2506 532 2568 ln
555 2507 731 2572 Antimacho
760 2507 937 2588 disponendi
968 2516 1063 2572 artem
1088 2505 1253 2568 desiderari
1279 2507 1363 2567 vitu-

194 2663 197 2668 .
280 2609 397 2689 perauit
419 2609 644 2690 grammaticus,
673 2609 803 2673 laudavit
826 2612 890 2672 eius
913 2613 972 2672 vim
995 2616 1025 2671 et
1048 2609 1225 2690 gravitatem
1248 2615 1279 2669 et
1302 2609 1362 2669 mi-

214 2724 218 2734 ·
280 2712 359 2774 nime
382 2711 508 2796 uulgare
530 2711 649 2776 dicendi
671 2731 783 2794 genus,
806 2714 948 2794 Panyasis
962 2713 1062 2794 -igitur
1084 2730 1173 2794 quum
1196 2712 1240 2773 eis
1263 2712 1362 2772 virtu-

280 2814 357 2878 tihus
390 2832 451 2879 non
482 2814 570 2896 plane
601 2822 723 2898 egeret,
759 2833 818 2881 nou
849 2816 1115 2904 aequavit'tamcq
1143 2813 1363 2880 Antimachum.

278 2916 384 2998 Neque
418 2917 514 2979 minus
544 2936 610 2980 cum
644 2915 784 2990 Choerilo
821 2919 938 2984 Samio
959 2917 1166 3000 Antimachum
1200 2917 1364 2998 paullulum

281 3027 381 3086 aetate
404 3037 605 3102 praegresso,
637 3023 741 3100 quiet
765 3022 831 3104 ipse
858 3022 945 3084 novis
976 3021 1067 3085 rebus
1091 3003 1201 3081 studuit
1221 3028 1254 3086 at
1277 3020 1365 3080 inso-

281 3120 403 3186 lentiam
427 3120 594 3203 affectavit,
617 3123 715 3204 aliqua
737 3123 914 3190 Antimacho
937 3123 991 3191 luit
1014 3119 1181 3209 similitudo.
1227 3121 1265 3203 Ut
1288 3122 1366 3186 alter

280 3223 469 3287 insolentiam
490 3225 651 3293 verborum
673 3235 821 3307 sectatus,
844 3229 986 3300 sioalter
1005 3227 1157 3313 inusitatis¹
1174 3232 1205 3287 et
1227 3225 1366 3286 insolen-

283 3325 408 3388 tiorihus
431 3329 588 3392 sententiis
610 3330 733 3410 gavisus
757 3340 812 3394 est.
852 3319 1034 3418 Quamquam
1057 3330 1083 3389 si
1106 3328 1367 3410 totamutriusquc

281 3429 360 3509 epici
389 3429 535 3495 rationem
563 3433 812 3514 contemplamur,
841 3450 980 3516 magnum
1010 3430 1177 3520 intereos
1206 3431 1369 3521 intercedit

247 3600 253 3609 ,
281 3529 450 3608 discrimen.
499 3532 545 3596 Ac
575 3533 711 3615 prolecto
741 3542 773 3596 ut
802 3534 988 3609 Choerilum,
1025 3534 1075 3614 qui
1096 3533 1276 3626 historicum
1308 3533 1369 3595 sibi

281 3641 449 3718 sumpserat
462 3636 601 3699 carminis
618 3644 833 3718 argumentum,
857 3637 942 3718 quasi
956 3637 1154 3719 impugnaret,
1169 3634 1367 3698 Antimachus

282 3735 319 3798 ad
342 3736 504 3799 fabularum
533 3746 667 3818 tempora
697 3740 784 3820 epieo
812 3741 920 3819 generi
947 3739 1062 3818 aptiora
1087 3737 1204 3818 redisse
1235 3737 1367 3830 uidetur.

283 3839 366 3911 Quae
389 3842 542 3920 utriusque
565 3840 722 3908 diversitas
745 3840 923 3920 tanta-fuit,
954 3847 986 3902 ut
1012 3859 1101 3922 quum
1129 3826 1368 3929 Choerili‘Per-

282 3942 343 4003 seis
372 3945 451 4005 inter
480 3943 621 4020 aequales
648 3943 777 4006 maxime
806 3943 943 4022 lloreret,
972 3943 1149 4008 Antimacho
1177 3924 1241 4006 lere
1272 3937 1364 4006 nemo

285 4078 537 4090 -ι--ι-ι

202 4143 205 4148 ¹
317 4151 367 4217 tl)
402 4149 567 4216 Quinctilii,
587 4151 671 4218 t,5t.
718 4139 721 4148 ’
