2898 4868
291 509 452 606 „mdiueu
488 507 614 591 ›trr'ree‘⁴
648 505 773 600 παρτ
775 510 837 597 τῷ
867 487 1085 595 Ἀντιμάχῳ.
1130 508 1244 586 Quibus
1273 509 1399 572 verbis

292 630 449 704 postquam
472 621 528 682 alia
551 618 640 680 multa
664 615 802 697 exemplu
825 613 975 692 adiunxit,
998 612 1096 678 addit.
1105 601 1345 699 οημειιιῑδες”
1316 635 1398 696 αρα

292 716 329 786 τὸ
352 712 452 798 πολύς
473 710 667 802 ὄξονὸμενον.
712 715 787 780 Vide
810 715 974 798 Goettiing
997 714 1036 778 de
1058 721 1184 780 detentu
1207 722 1237 797 p.
1255 713 1335 778 310.
1348 740 1392 756 -·-

292 825 460 889 Antimachi
476 810 595 940 φρλοες
616 811 705 895 κύνες
719 820 873 900 explicare
889 819 988 916 studet
968 818 1130 940 τΗοοχοῐι.
1143 806 1317 904 φόλοες’
1273 839 1394 895 κννες,

293 923 324 992 οι
353 916 520 1014 νιοῤῥοὶ’
500 937 588 999 οντες
621 919 741 1004 μέλανα
775 911 919 1016 στόματα
953 909 1046 1000 ειχον.
1098 903 1243 983 iidaculosi
1279 926 1395 981 autern

294 1048 386 1093 canes
403 1037 472 1092 sunt
491 1025 737 1105 praestantissimi
757 1024 885 1088 testibus
902 1021 1155 1106 Cynegetieurum
1171 1022 1392 1104 scriptoribus

295 1133 370 1194 Vide
394 1131 520 1214 Oppian.
546 1126 663 1209 Cyneg.
686 1125 709 1205 i,
733 1124 806 1189 430.
829 1125 967 1208 Xenoph.
991 1123 1108 1209 Cyneg.
1132 1123 1206 1189 978.

690 1311 804 1421 daur.
849 1373 894 1439 (n.
913 1373 971 1441 aa.)
1082 1321 1085 1328 ’

401 1542 463 1613 Ἀεὶ
485 1538 605 1638 φάρεος
627 1537 810 1625 χατιύοισιν
832 1540 920 1626 ἔχων.

384 1703 456 1766 ibid.
480 1723 508 1784 p
533 1700 584 1764 35
606 1701 765 1780 Postquam
787 1701 997 1782 grammaticus
1020 1700 1057 1762 de
1081 1703 1164 1764 vocis
1187 1693 1293 1788 φάρος
1316 1702 1386 1763 sive

299 1808 403 1896 φᾶρος
426 1806 545 1867 diversa
569 1804 730 1884 quantitate
753 1811 784 1864 et
806 1820 922 1884 genere
946 1810 977 1865 et
993 1801 1211 1883 significatione
1228 1804 1386 1879 disseruit

299 1914 324 1972 si
347 1910 434 1990 alpha
464 1915 605 1988 correpto
632 1907 766 1969 neutrius
795 1906 918 1988 generis
946 1912 1043 1984 esset,
1073 1895 1177 1993 φάρος
1207 1909 1385 1990 significare

299 2021 330 2102 et
358 2019 496 2074 vestem
528 2018 559 2072 et
589 2017 772 2087 aratrum,
801 2007 848 2072 iris
884 2009 985 2072 verbis
1021 2007 1137 2072 docuit:
1174 2001 1386 2128 additaque

300 2106 417 2178 dudae
443 2132 507 2198 τηρ
508 2104 687 2183 ιαντικόν
705 2109 780 2174 τοῦ
804 2108 1006 2228 inmutav)
986 2102 1008 2172 i
1036 2103 1150 2176 aui'
1127 2102 1305 2232 αρότρρο,
1337 2107 1386 2190 ὡς

299 2239 361 2282 και
383 2239 459 2303 νιαρ
459 2207 673 2296 Ἀλκμᾶνι,
702 2205 795 2278 adda
816 2237 879 2280 και
892 2235 973 2302 παρ
1004 2205 1240 2300 Ἀντιμάχῳ·
1254 2207 1382 2282 ’Aei-

300 2317 412 2401 a'a'fflmv
436 2311 554 2394 οὕτως
576 2314 614 2384 ἐν
636 2339 717 2392 τοις
739 2307 991 2408 αντιμριέφοις
1012 2316 1165 2406 εἴρηται
1191 2324 1268 2394 (sar.
1287 2311 1385 2407 εὕρη-

300 2428 382 2498 ται).
427 2423 473 2484 Ex
496 2421 602 2502 quibus
624 2422 698 2498 huc,
722 2429 811 2502 putu,
842 2440 962 2486 sumere
985 2422 1071 2499 iicet,
1099 2422 1178 2504 apud
1206 2423 1385 2486 Alemanem

303 2529 385 2590 etin
408 2525 576 2588 Antimaehi
598 2525 700 2586 verbis
723 2524 819 2585 allatis
842 2515 944 2611 φάρος
966 2541 1036 2589 esse
1058 2533 1222 2588 aratrum
1230 2547 1239 2602 ;
1266 2545 1337 2590 nam
1360 2529 1385 2588 si

302 2638 426 2712 vestemx
441 2629 639 2710 significaret,
662 2646 740 2708 xquae
764 2629 845 2690 notio
869 2636 915 2690 est
936 2628 1107 2706 tritissima,
1129 2629 1294 2692 auctoritas-
1313 2631 1386 2692 illo-

303 2752 367 2794 rum
392 2739 547 2813 puetarum
565 2731 760 2812 grammatico
775 2749 835 2792 nan
847 2739 911 2792 erat
926 2730 1117 2812 proferenda.
1153 2722 1261 2819 Φάρος
1274 2741 1385 2809 autem,

302 2843 484 2912 aratrum,
508 2853 569 2896 uox
593 2843 639 2896 est
662 2834 751 2914 piane
774 2834 892 2896 diversa
916 2834 952 2898 ab
981 2854 1033 2913 ea,
1064 2854 1140 2915 quae
1168 2837 1264 2900 vestis
1285 2836 1386 2916 signi-

302 2942 471 3005 ficationem
493 2939 593 3000 hahet·
635 2938 797 2999 Derivatur
818 2937 895 2998 enim
923 2957 940 2998 a
971 2939 1065 3002 verbu
1094 2929 1202 3024 φάριο,
1230 2937 1311 3017 quud
1339 2945 1387 2998 est

304 3042 540 3117 diffindere,
573 3030 785 3127 Ιιίιιοφαρόιι,
818 3059 946 3117 arare,
976 3041 1055 3122 quud
1078 3059 1152 3104 eave
1175 3061 1213 3103 ne
1237 3060 1276 3102 ex
1298 3061 1387 3124 αροω

298 3153 399 3206 urium
430 3161 499 3230 esse
533 3143 668 3224 opineris
698 3143 820 3218 (Buttm
847 3143 942 3206 Luxil.
967 3145 989 3208 1.
1017 3163 1046 3224 p.
1070 3143 1172 3217 aad..)
1201 3141 1238 3204 ci
1269 3139 1386 3203 Gallim

304 3246 339 3310 ir.
357 3237 476 3307 183.
460 3235 585 3331 ιῖφαρον
608 3235 829 3332 (ἆφοροτονῗ)
852 3239 1005 3334 φαρόωσι,
1019 3243 1115 3328 ’μέλει
1128 3243 1165 3312 de'
1181 3268 1236 3333 φιν
1255 3239 1388 3327 ὄμπνιον

304 3345 401 3435 ἔργον.
439 3355 469 3410 et
499 3347 629 3430 Hesych.
660 3368 689 3424 v,
718 3339 906 3436 βούφορος·
929 3341 1032 3436 φάρος
1058 3343 1118 3437 μιῖρ
1148 3341 1167 3436 ἡ
1205 3341 1326 3436 ἄροσις,
1357 3355 1390 3410 et

304 3443 439 3538 φάραγξ,
461 3441 598 3538 τάφρος,
626 3447 775 3533 νοίλιιμιι,
800 3461 830 3515 et
850 3453 896 3515 Et.
920 3453 965 3514 Μ..
983 3472 1011 3532 p.
1037 3453 1110 3532 195,
1134 3455 1185 3516 56.
1209 3473 1239 3515 v.
1261 3443 1388 3536 ἅφιὲρο-

304 3577 368 3628 τος.
391 3587 424 3597 —-
482 3555 529 3615 Ex
564 3555 658 3634 ipsius
693 3553 877 3636 grammatici
912 3553 1014 3616 verbis
1053 3565 1178 3639 apparet
1214 3557 1245 3618 in
1282 3553 1388 3629 libris,

304 3658 383 3719 unde
410 3659 557 3736 hauserit,
579 3657 748 3720 Antimachi
774 3657 865 3720 verba
897 3657 954 3720 iam
977 3676 1080 3720 manca
1103 3669 1133 3722 et
1155 3659 1256 3722 mutila
1284 3658 1389 3725 aisse.

245 3755 251 3778 ‘
305 3761 484 3822 Duebuerus
502 3761 663 3823 secundum
681 3760 767 3824 Ovid.
785 3759 920 3844 Metili,
945 3761 1017 3826 127.
1039 3763 1243 3826 huiuscemodi
1266 3775 1391 3828 versum

306 3863 483 3926 Antimacho·
506 3865 622 3926 tribuit:
1090 3941 1091 3948 ρ

411 3973 584 4065 Κᾶββαλεν
605 3971 679 4044 ὅπλ’
701 3972 754 4046 ἐπ’
775 3974 1044 4078 ἅχροῖοιφιὶροος
1062 3985 1227 4068 χατέουσιν
1243 3979 1368 4069 Ἕχιίον.

204 4145 209 4156 ·
307 4102 438 4168 Labeck.
462 4099 573 4163 Patimi.
597 4120 625 4181 p.
655 4101 706 4164 62.
737 4093 787 4168 οἷοὶ
805 4095 933 4191 -φᾶρεος
960 4103 1131 4186 mutianum
1156 4099 1275 4188 Ἐχῖνον
1302 4097 1393 4192 peri-
