<?xml version="1.0" encoding="UTF-8"?>
<!DOCTYPE html PUBLIC "-//W3C//DTD XHTML 1.0 Transitional//EN"
    "http://www.w3.org/TR/xhtml1/DTD/xhtml1-transitional.dtd">
<html xmlns="http://www.w3.org/1999/xhtml" xml:lang="en" lang="en">
 <head>
  <title>
</title>
<meta http-equiv="Content-Type" content="text/html;charset=utf-8" />
  <meta name='ocr-system' content='tesseract 3.04.00' />
  <meta name='ocr-capabilities' content='ocr_page ocr_carea ocr_par ocr_line ocrx_word'/>
</head>
<body>
  <div class='ocr_page' id='page_1' title='image "antimachicoloph01antigoog_0040.png"; bbox 0 0 2936 4908; ppageno 0'>
   <div class='ocr_carea' id='block_1_1' title="bbox 117 559 1280 1252">
    <p class='ocr_par' dir='ltr' id='par_1_1' title="bbox 117 559 1280 1252">
     <span class='ocr_line' id='line_1_1' title="bbox 118 559 1198 643; baseline 0.002 -21"><span class='ocrx_word' id='word_1_1' title='bbox 118 579 209 624; x_wconf 87' lang='lat' dir='ltr'><strong>aures</strong></span> <span class='ocrx_word' id='word_1_2' title='bbox 230 561 400 640; x_wconf 86' lang='lat' dir='ltr'><strong>adhiberet,</strong></span> <span class='ocrx_word' id='word_1_3' title='bbox 431 572 461 625; x_wconf 87' lang='lat' dir='ltr'><strong>et</strong></span> <span class='ocrx_word' id='word_1_4' title='bbox 489 563 659 643; x_wconf 89' lang='lat' dir='ltr'><strong>posteriore</strong></span> <span class='ocrx_word' id='word_1_5' title='bbox 682 568 780 624; x_wconf 86' lang='lat' dir='ltr'><strong>aetate</strong></span> <span class='ocrx_word' id='word_1_6' title='bbox 807 574 895 641; x_wconf 88' lang='lat' dir='ltr'><strong>quum</strong></span> <span class='ocrx_word' id='word_1_7' title='bbox 921 561 1008 626; x_wconf 85' lang='lat' dir='ltr'><strong>alteri</strong></span> <span class='ocrx_word' id='word_1_8' title='bbox 1029 559 1198 629; x_wconf 83' lang='lat' dir='ltr'><strong>Choerilum</strong></span> 
     </span>
     <span class='ocr_line' id='line_1_2' title="bbox 117 664 1280 746; baseline -0.008 -18"><span class='ocrx_word' id='word_1_9' title='bbox 117 666 205 728; x_wconf 90' lang='lat' dir='ltr'><strong>alteri</strong></span> <span class='ocrx_word' id='word_1_10' title='bbox 228 666 434 728; x_wconf 79' lang='lat' dir='ltr'><strong>Antimachum</strong></span> <span class='ocrx_word' id='word_1_11' title='bbox 461 664 594 728; x_wconf 75' lang='lat' dir='ltr'>studiose</span> <span class='ocrx_word' id='word_1_12' title='bbox 623 664 890 745; x_wconf 74' lang='lat' dir='ltr'>amplecterentur,</span> <span class='ocrx_word' id='word_1_13' title='bbox 919 665 1072 744; x_wconf 87' lang='lat' dir='ltr'><strong>utriusque</strong></span> <span class='ocrx_word' id='word_1_14' title='bbox 1095 667 1198 740; x_wconf 69' lang='lat' dir='ltr'><strong>secta-t</strong></span> <span class='ocrx_word' id='word_1_15' title='bbox 1278 739 1280 746; x_wconf 16' lang='lat' dir='ltr'>y</span> 
     </span>
     <span class='ocr_line' id='line_1_3' title="bbox 118 766 1199 848; baseline -0.002 -18"><span class='ocrx_word' id='word_1_16' title='bbox 118 777 203 832; x_wconf 85' lang='lat' dir='ltr'><strong>tores</strong></span> <span class='ocrx_word' id='word_1_17' title='bbox 226 769 374 832; x_wconf 75' lang='lat' dir='ltr'><strong>hostiliter</strong></span> <span class='ocrx_word' id='word_1_18' title='bbox 395 770 479 848; x_wconf 81' lang='lat' dir='ltr'><strong>quasi</strong></span> <span class='ocrx_word' id='word_1_19' title='bbox 508 768 585 828; x_wconf 89' lang='lat' dir='ltr'><strong>inter</strong></span> <span class='ocrx_word' id='word_1_20' title='bbox 614 785 647 830; x_wconf 88' lang='lat' dir='ltr'><strong>se</strong></span> <span class='ocrx_word' id='word_1_21' title='bbox 673 767 940 840; x_wconf 69' lang='lat' dir='ltr'><strong>obtrectarent⁴²).</strong></span> <span class='ocrx_word' id='word_1_22' title='bbox 985 766 1067 828; x_wconf 89' lang='lat' dir='ltr'><strong>lnter</strong></span> <span class='ocrx_word' id='word_1_23' title='bbox 1088 784 1199 828; x_wconf 80' lang='lat' dir='ltr'><strong>recurs-</strong></span> 
     </span>
     <span class='ocr_line' id='line_1_4' title="bbox 117 866 1198 950; baseline -0.002 -18"><span class='ocrx_word' id='word_1_24' title='bbox 117 873 213 932; x_wconf 90' lang='lat' dir='ltr'><strong>tiores</strong></span> <span class='ocrx_word' id='word_1_25' title='bbox 236 868 367 934; x_wconf 79' lang='lat' dir='ltr'><strong>Choerili</strong></span> <span class='ocrx_word' id='word_1_26' title='bbox 388 870 486 934; x_wconf 89' lang='lat' dir='ltr'><strong>studio</strong></span> <span class='ocrx_word' id='word_1_27' title='bbox 503 877 625 950; x_wconf 91' lang='lat' dir='ltr'><strong>praeter</strong></span> <span class='ocrx_word' id='word_1_28' title='bbox 645 877 765 931; x_wconf 87' lang='lat' dir='ltr'><strong>ceteros</strong></span> <span class='ocrx_word' id='word_1_29' title='bbox 784 866 915 932; x_wconf 91' lang='lat' dir='ltr'><strong>deditum</strong></span> <span class='ocrx_word' id='word_1_30' title='bbox 939 875 970 929; x_wconf 91' lang='lat' dir='ltr'><strong>et</strong></span> <span class='ocrx_word' id='word_1_31' title='bbox 991 867 1031 929; x_wconf 91' lang='lat' dir='ltr'><strong>oh</strong></span> <span class='ocrx_word' id='word_1_32' title='bbox 1053 885 1118 930; x_wconf 87' lang='lat' dir='ltr'><strong>eam</strong></span> <span class='ocrx_word' id='word_1_33' title='bbox 1135 886 1198 930; x_wconf 85' lang='lat' dir='ltr'><strong>rere</strong></span> 
     </span>
     <span class='ocr_line' id='line_1_5' title="bbox 117 969 1199 1054; baseline -0.002 -20"><span class='ocrx_word' id='word_1_34' title='bbox 117 973 289 1036; x_wconf 78' lang='lat' dir='ltr'><strong>Antimachi</strong></span> <span class='ocrx_word' id='word_1_35' title='bbox 323 981 491 1054; x_wconf 88' lang='lat' dir='ltr'><strong>spretorem</strong></span> <span class='ocrx_word' id='word_1_36' title='bbox 524 979 555 1034; x_wconf 87' lang='lat' dir='ltr'><strong>et</strong></span> <span class='ocrx_word' id='word_1_37' title='bbox 591 973 823 1035; x_wconf 70' lang='lat' dir='ltr'><strong>obtrectatorem</strong></span> <span class='ocrx_word' id='word_1_38' title='bbox 852 969 946 1032; x_wconf 90' lang='lat' dir='ltr'><strong>luisse</strong></span> <span class='ocrx_word' id='word_1_39' title='bbox 976 969 1199 1050; x_wconf 73' lang='lat' dir='ltr'><strong>Euphorionem</strong></span> 
     </span>
     <span class='ocr_line' id='line_1_6' title="bbox 118 1073 1198 1155; baseline -0.003 -19"><span class='ocrx_word' id='word_1_40' title='bbox 118 1075 289 1138; x_wconf 82' lang='lat' dir='ltr'><strong>manifestat</strong></span> <span class='ocrx_word' id='word_1_41' title='bbox 322 1074 450 1138; x_wconf 84' lang='lat' dir='ltr'><strong>Cratetis</strong></span> <span class='ocrx_word' id='word_1_42' title='bbox 487 1076 625 1138; x_wconf 82' lang='lat' dir='ltr'><strong>Mallotes</strong></span> <span class='ocrx_word' id='word_1_43' title='bbox 662 1075 846 1155; x_wconf 84' lang='lat' dir='ltr'><strong>epigramma</strong></span> <span class='ocrx_word' id='word_1_44' title='bbox 881 1073 1072 1153; x_wconf 80' lang='lat' dir='ltr'><strong>anrhiguitate</strong></span> <span class='ocrx_word' id='word_1_45' title='bbox 1109 1075 1198 1154; x_wconf 80' lang='lat' dir='ltr'><strong>ilagi</strong></span> 
     </span>
     <span class='ocr_line' id='line_1_7' title="bbox 121 1177 305 1252; baseline 0.033 -12"><span class='ocrx_word' id='word_1_46' title='bbox 121 1179 249 1246; x_wconf 89' lang='lat' dir='ltr'><strong>tiosum·</strong></span> <span class='ocrx_word' id='word_1_47' title='bbox 260 1177 305 1252; x_wconf 81' lang='lat'><strong>⁴³)</strong></span> 
     </span>
    </p>
   </div>
   <div class='ocr_carea' id='block_1_2' title="bbox 117 1269 1201 2214">
    <p class='ocr_par' dir='ltr' id='par_1_2' title="bbox 117 1269 1201 2214">
     <span class='ocr_line' id='line_1_8' title="bbox 224 1269 1149 1372; baseline -0.004 -18"><span class='ocrx_word' id='word_1_48' title='bbox 224 1283 375 1372; x_wconf 82' lang='grc' dir='ltr'>Χοιριλιις</span> <span class='ocrx_word' id='word_1_49' title='bbox 396 1276 580 1366; x_wconf 80' lang='grc' dir='ltr'>Ἀιιιμάχου</span> <span class='ocrx_word' id='word_1_50' title='bbox 600 1278 682 1350; x_wconf 75' lang='lat' dir='ltr'><strong>nott</strong></span> <span class='ocrx_word' id='word_1_51' title='bbox 704 1269 864 1353; x_wconf 70' lang='grc' dir='ltr'>λιιπιται·</span> <span class='ocrx_word' id='word_1_52' title='bbox 887 1275 957 1350; x_wconf 75' lang='grc' dir='ltr'><strong>ἄλλ</strong></span> <span class='ocrx_word' id='word_1_53' title='bbox 979 1281 1032 1354; x_wconf 83' lang='lat' dir='ltr'><strong>e’rtl</strong></span> <span class='ocrx_word' id='word_1_54' title='bbox 1051 1284 1149 1352; x_wconf 79' lang='grc' dir='ltr'>πᾶσι</span> 
     </span>
     <span class='ocr_line' id='line_1_9' title="bbox 274 1376 964 1474; baseline -0.003 -22"><span class='ocrx_word' id='word_1_55' title='bbox 274 1383 425 1474; x_wconf 78' lang='grc' dir='ltr'>Χοίριλιν</span> <span class='ocrx_word' id='word_1_56' title='bbox 446 1379 613 1474; x_wconf 64' lang='grc' dir='ltr'><strong>Εὐφορίων</strong></span> <span class='ocrx_word' id='word_1_57' title='bbox 633 1376 701 1467; x_wconf 75' lang='grc' dir='ltr'><strong>εἶχε</strong></span> <span class='ocrx_word' id='word_1_58' title='bbox 722 1380 776 1454; x_wconf 77' lang='lat' dir='ltr'><strong>ded</strong></span> <span class='ocrx_word' id='word_1_59' title='bbox 797 1378 964 1468; x_wconf 81' lang='grc' dir='ltr'><strong><em>στόματος.</em></strong></span> 
     </span>
     <span class='ocr_line' id='line_1_10' title="bbox 222 1478 1107 1573; baseline -0.002 -17"><span class='ocrx_word' id='word_1_60' title='bbox 222 1486 289 1556; x_wconf 77' lang='grc' dir='ltr'><strong>Καὶ</strong></span> <span class='ocrx_word' id='word_1_61' title='bbox 306 1478 660 1571; x_wconf 57' lang='lat' dir='ltr'><strong>sequestretur&amp;</strong></span> <span class='ocrx_word' id='word_1_62' title='bbox 673 1481 834 1573; x_wconf 64' lang='lat' dir='ltr'><strong>madiraco,</strong></span> <span class='ocrx_word' id='word_1_63' title='bbox 856 1487 908 1552; x_wconf 76' lang='grc' dir='ltr'><strong>καὶ</strong></span> <span class='ocrx_word' id='word_1_64' title='bbox 927 1512 967 1556; x_wconf 84' lang='grc' dir='ltr'><strong>ια</strong></span> <span class='ocrx_word' id='word_1_65' title='bbox 958 1481 1107 1572; x_wconf 59' lang='lat' dir='ltr'><strong>wilred</strong></span> 
     </span>
     <span class='ocr_line' id='line_1_11' title="bbox 272 1580 950 1678; baseline -0.006 -20"><span class='ocrx_word' id='word_1_66' title='bbox 272 1580 439 1677; x_wconf 79' lang='grc' dir='ltr'>Ἀτρικέως</span> <span class='ocrx_word' id='word_1_67' title='bbox 458 1580 546 1676; x_wconf 77' lang='grc' dir='ltr'>ᾔδει·</span> <span class='ocrx_word' id='word_1_68' title='bbox 567 1588 619 1656; x_wconf 78' lang='grc' dir='ltr'><strong>καὶ</strong></span> <span class='ocrx_word' id='word_1_69' title='bbox 640 1583 700 1677; x_wconf 69' lang='grc' dir='ltr'><strong>γάρ</strong></span> <span class='ocrx_word' id='word_1_70' title='bbox 721 1582 883 1678; x_wconf 78' lang='grc' dir='ltr'>Ὁμηρικὸς</span> <span class='ocrx_word' id='word_1_71' title='bbox 904 1580 950 1676; x_wconf 77' lang='grc' dir='ltr'><strong>ἦν.</strong></span> 
     </span>
     <span class='ocr_line' id='line_1_12' title="bbox 117 1724 1199 1810; baseline -0.001 -21"><span class='ocrx_word' id='word_1_72' title='bbox 117 1729 225 1807; x_wconf 81' lang='lat' dir='ltr'><strong>Neque</strong></span> <span class='ocrx_word' id='word_1_73' title='bbox 247 1728 313 1807; x_wconf 91' lang='lat' dir='ltr'><strong>ipse</strong></span> <span class='ocrx_word' id='word_1_74' title='bbox 336 1724 533 1788; x_wconf 83' lang='lat' dir='ltr'><strong>Callimachus</strong></span> <span class='ocrx_word' id='word_1_75' title='bbox 560 1724 747 1807; x_wconf 79' lang='lat' dir='ltr'><strong>Colophonio</strong></span> <span class='ocrx_word' id='word_1_76' title='bbox 770 1726 856 1805; x_wconf 87' lang='lat' dir='ltr'><strong>lavit,</strong></span> <span class='ocrx_word' id='word_1_77' title='bbox 886 1730 997 1810; x_wconf 87' lang='lat' dir='ltr'><strong>quippe</strong></span> <span class='ocrx_word' id='word_1_78' title='bbox 1021 1727 1070 1808; x_wconf 91' lang='lat' dir='ltr'><strong>qui</strong></span> <span class='ocrx_word' id='word_1_79' title='bbox 1095 1727 1199 1810; x_wconf 78' lang='lat' dir='ltr'><strong>Lyden</strong></span> 
     </span>
     <span class='ocr_line' id='line_1_13' title="bbox 117 1820 1199 1916; baseline 0 -26"><span class='ocrx_word' id='word_1_80' title='bbox 117 1831 185 1890; x_wconf 89' lang='lat' dir='ltr'><strong>eius</strong></span> <span class='ocrx_word' id='word_1_81' title='bbox 207 1828 282 1890; x_wconf 84' lang='lat' dir='ltr'><strong>dixit</strong></span> <span class='ocrx_word' id='word_1_82' title='bbox 297 1824 350 1892; x_wconf 80' lang='grc' dir='ltr'><strong>καὶ</strong></span> <span class='ocrx_word' id='word_1_83' title='bbox 370 1820 457 1907; x_wconf 75' lang='grc' dir='ltr'>παχι)</span> <span class='ocrx_word' id='word_1_84' title='bbox 471 1820 600 1915; x_wconf 80' lang='grc' dir='ltr'><em>γράμμα</em></span> <span class='ocrx_word' id='word_1_85' title='bbox 613 1828 666 1893; x_wconf 79' lang='grc' dir='ltr'><strong>καὶ</strong></span> <span class='ocrx_word' id='word_1_86' title='bbox 687 1821 726 1893; x_wconf 77' lang='grc' dir='ltr'><strong>οὐ</strong></span> <span class='ocrx_word' id='word_1_87' title='bbox 739 1820 893 1916; x_wconf 56' lang='grc' dir='ltr'>τορόνιι),</span> <span class='ocrx_word' id='word_1_88' title='bbox 916 1821 998 1892; x_wconf 77' lang='lat' dir='ltr'><strong>cuius</strong></span> <span class='ocrx_word' id='word_1_89' title='bbox 1017 1831 1199 1910; x_wconf 85' lang='lat' dir='ltr'><strong>epigramma</strong></span> 
     </span>
     <span class='ocr_line' id='line_1_14' title="bbox 118 1930 1201 2012; baseline -0.001 -17"><span class='ocrx_word' id='word_1_90' title='bbox 118 1931 204 1995; x_wconf 84' lang='lat' dir='ltr'><strong>XXX</strong></span> <span class='ocrx_word' id='word_1_91' title='bbox 230 1931 256 1992; x_wconf 91' lang='lat' dir='ltr'><strong>si</strong></span> <span class='ocrx_word' id='word_1_92' title='bbox 280 1947 341 1992; x_wconf 90' lang='lat' dir='ltr'><strong>non</strong></span> <span class='ocrx_word' id='word_1_93' title='bbox 372 1930 408 1992; x_wconf 89' lang='lat' dir='ltr'><strong>ad</strong></span> <span class='ocrx_word' id='word_1_94' title='bbox 437 1931 629 2012; x_wconf 85' lang='lat' dir='ltr'><strong>Apollonium</strong></span> <span class='ocrx_word' id='word_1_95' title='bbox 652 1933 814 2011; x_wconf 87' lang='lat' dir='ltr'><strong>Rhodium,</strong></span> <span class='ocrx_word' id='word_1_96' title='bbox 845 1932 972 1995; x_wconf 75' lang='lat' dir='ltr'><strong>sonasse</strong></span> <span class='ocrx_word' id='word_1_97' title='bbox 1003 1932 1041 1994; x_wconf 92' lang='lat' dir='ltr'><strong>ad</strong></span> <span class='ocrx_word' id='word_1_98' title='bbox 1062 1933 1201 1995; x_wconf 81' lang='lat' dir='ltr'><strong>Antima-</strong></span> 
     </span>
     <span class='ocr_line' id='line_1_15' title="bbox 118 2035 1200 2117; baseline 0.002 -23"><span class='ocrx_word' id='word_1_99' title='bbox 118 2035 206 2094; x_wconf 85' lang='lat' dir='ltr'><strong>chum</strong></span> <span class='ocrx_word' id='word_1_100' title='bbox 237 2041 364 2114; x_wconf 87' lang='lat' dir='ltr'><strong>spectat.</strong></span> <span class='ocrx_word' id='word_1_101' title='bbox 409 2035 468 2100; x_wconf 86' lang='lat' dir='ltr'><strong>Sed</strong></span> <span class='ocrx_word' id='word_1_102' title='bbox 505 2043 537 2096; x_wconf 93' lang='lat' dir='ltr'><strong>ut</strong></span> <span class='ocrx_word' id='word_1_103' title='bbox 571 2037 680 2117; x_wconf 79' lang='lat' dir='ltr'><strong>singuli</strong></span> <span class='ocrx_word' id='word_1_104' title='bbox 713 2035 936 2099; x_wconf 86' lang='lat' dir='ltr'><strong>Alexandrinae</strong></span> <span class='ocrx_word' id='word_1_105' title='bbox 971 2035 1078 2096; x_wconf 91' lang='lat' dir='ltr'><strong>aetatis</strong></span> <span class='ocrx_word' id='word_1_106' title='bbox 1110 2035 1200 2097; x_wconf 81' lang='lat' dir='ltr'><strong>Anti-</strong></span> 
     </span>
     <span class='ocr_line' id='line_1_16' title="bbox 119 2135 1200 2214; baseline 0 -16"><span class='ocrx_word' id='word_1_107' title='bbox 119 2136 217 2198; x_wconf 88' lang='lat' dir='ltr'><strong>machi</strong></span> <span class='ocrx_word' id='word_1_108' title='bbox 245 2135 411 2199; x_wconf 87' lang='lat' dir='ltr'><strong>adversarii</strong></span> <span class='ocrx_word' id='word_1_109' title='bbox 441 2138 479 2200; x_wconf 92' lang='lat' dir='ltr'><strong>de</strong></span> <span class='ocrx_word' id='word_1_110' title='bbox 509 2141 574 2202; x_wconf 88' lang='lat' dir='ltr'><strong>eius</strong></span> <span class='ocrx_word' id='word_1_111' title='bbox 607 2140 825 2201; x_wconf 80' lang='lat' dir='ltr'><strong>existimatione</strong></span> <span class='ocrx_word' id='word_1_112' title='bbox 852 2137 1009 2201; x_wconf 75' lang='lat' dir='ltr'><strong>detrahere</strong></span> <span class='ocrx_word' id='word_1_113' title='bbox 1035 2137 1200 2214; x_wconf 86' lang='lat' dir='ltr'><strong>studerent,</strong></span> 
     </span>
    </p>
   </div>
   <div class='ocr_carea' id='block_1_3' title="bbox 118 2239 1201 2424">
    <p class='ocr_par' dir='ltr' id='par_1_3' title="bbox 118 2239 1201 2424">
     <span class='ocr_line' id='line_1_17' title="bbox 119 2239 1201 2304; baseline 0 -5"><span class='ocrx_word' id='word_1_114' title='bbox 119 2240 150 2299; x_wconf 93' lang='lat' dir='ltr'><strong>in</strong></span> <span class='ocrx_word' id='word_1_115' title='bbox 172 2239 346 2300; x_wconf 84' lang='lat' dir='ltr'><strong>uniuersum</strong></span> <span class='ocrx_word' id='word_1_116' title='bbox 367 2245 467 2302; x_wconf 89' lang='lat' dir='ltr'><strong>tamen</strong></span> <span class='ocrx_word' id='word_1_117' title='bbox 488 2241 760 2303; x_wconf 83' lang='lat' dir='ltr'><strong>Alexandrinorum</strong></span> <span class='ocrx_word' id='word_1_118' title='bbox 782 2248 812 2304; x_wconf 88' lang='lat' dir='ltr'><strong>et</strong></span> <span class='ocrx_word' id='word_1_119' title='bbox 827 2240 994 2302; x_wconf 84' lang='lat' dir='ltr'><strong>Antimaehi</strong></span> <span class='ocrx_word' id='word_1_120' title='bbox 1018 2257 1054 2302; x_wconf 86' lang='lat' dir='ltr'><strong>ea</strong></span> <span class='ocrx_word' id='word_1_121' title='bbox 1077 2239 1129 2300; x_wconf 91' lang='lat' dir='ltr'><strong>iuit</strong></span> <span class='ocrx_word' id='word_1_122' title='bbox 1144 2257 1201 2299; x_wconf 87' lang='lat' dir='ltr'><strong>na-</strong></span> 
     </span>
     <span class='ocr_line' id='line_1_18' title="bbox 118 2340 1201 2424; baseline -0.001 -22"><span class='ocrx_word' id='word_1_123' title='bbox 118 2349 185 2403; x_wconf 87' lang='lat' dir='ltr'><strong>tura</strong></span> <span class='ocrx_word' id='word_1_124' title='bbox 208 2341 238 2403; x_wconf 82' lang='lat' dir='ltr'><strong>e&#39;t</strong></span> <span class='ocrx_word' id='word_1_125' title='bbox 259 2341 390 2420; x_wconf 86' lang='lat' dir='ltr'><strong>indoles,</strong></span> <span class='ocrx_word' id='word_1_126' title='bbox 418 2350 450 2404; x_wconf 91' lang='lat' dir='ltr'><strong>nt</strong></span> <span class='ocrx_word' id='word_1_127' title='bbox 472 2344 530 2424; x_wconf 91' lang='lat' dir='ltr'><strong>ipsi</strong></span> <span class='ocrx_word' id='word_1_128' title='bbox 552 2345 616 2405; x_wconf 91' lang='lat' dir='ltr'><strong>cius</strong></span> <span class='ocrx_word' id='word_1_129' title='bbox 639 2344 857 2406; x_wconf 80' lang='lat' dir='ltr'><strong>obtrectatores</strong></span> <span class='ocrx_word' id='word_1_130' title='bbox 885 2343 934 2404; x_wconf 84' lang='lat' dir='ltr'><strong>vel</strong></span> <span class='ocrx_word' id='word_1_131' title='bbox 962 2342 1045 2402; x_wconf 90' lang='lat' dir='ltr'><strong>inviti</strong></span> <span class='ocrx_word' id='word_1_132' title='bbox 1075 2340 1112 2402; x_wconf 91' lang='lat' dir='ltr'><strong>ad</strong></span> <span class='ocrx_word' id='word_1_133' title='bbox 1136 2342 1201 2402; x_wconf 89' lang='lat' dir='ltr'><strong>eius</strong></span> 
     </span>
    </p>
   </div>
   <div class='ocr_carea' id='block_1_4' title="bbox 120 2443 1201 2732">
    <p class='ocr_par' dir='ltr' id='par_1_4' title="bbox 120 2443 1201 2732">
     <span class='ocr_line' id='line_1_19' title="bbox 120 2443 1200 2526; baseline 0 -22"><span class='ocrx_word' id='word_1_134' title='bbox 120 2443 316 2506; x_wconf 88' lang='lat' dir='ltr'><strong>imitationem</strong></span> <span class='ocrx_word' id='word_1_135' title='bbox 345 2445 546 2524; x_wconf 76' lang='lat' dir='ltr'><strong>traherentur,</strong></span> <span class='ocrx_word' id='word_1_136' title='bbox 581 2445 660 2525; x_wconf 90' lang='lat' dir='ltr'><strong>quod</strong></span> <span class='ocrx_word' id='word_1_137' title='bbox 691 2445 729 2508; x_wconf 89' lang='lat' dir='ltr'><strong>de</strong></span> <span class='ocrx_word' id='word_1_138' title='bbox 760 2443 952 2526; x_wconf 87' lang='lat' dir='ltr'><strong>Euphorione</strong></span> <span class='ocrx_word' id='word_1_139' title='bbox 981 2443 1200 2516; x_wconf 79' lang='lat' dir='ltr'><strong>hleinehius“)</strong></span> 
     </span>
     <span class='ocr_line' id='line_1_20' title="bbox 120 2545 1201 2634; baseline 0.003 -28"><span class='ocrx_word' id='word_1_140' title='bbox 120 2546 352 2624; x_wconf 87' lang='lat' dir='ltr'><strong>demonstravit,</strong></span> <span class='ocrx_word' id='word_1_141' title='bbox 383 2548 500 2628; x_wconf 90' lang='lat' dir='ltr'><strong>plurimi</strong></span> <span class='ocrx_word' id='word_1_142' title='bbox 523 2554 622 2610; x_wconf 88' lang='lat' dir='ltr'><strong>tamen</strong></span> <span class='ocrx_word' id='word_1_143' title='bbox 645 2564 758 2609; x_wconf 80' lang='lat' dir='ltr'><strong>sumina</strong></span> <span class='ocrx_word' id='word_1_144' title='bbox 785 2566 850 2608; x_wconf 86' lang='lat' dir='ltr'><strong>curn</strong></span> <span class='ocrx_word' id='word_1_145' title='bbox 874 2545 971 2607; x_wconf 90' lang='lat' dir='ltr'><strong>studio</strong></span> <span class='ocrx_word' id='word_1_146' title='bbox 994 2547 1201 2634; x_wconf 80' lang='lat' dir='ltr'><strong>Antimachum</strong></span> 
     </span>
     <span class='ocr_line' id='line_1_21' title="bbox 121 2649 1201 2732; baseline 0.001 -20"><span class='ocrx_word' id='word_1_147' title='bbox 121 2651 181 2712; x_wconf 91' lang='lat' dir='ltr'><strong>sibi</strong></span> <span class='ocrx_word' id='word_1_148' title='bbox 204 2657 362 2730; x_wconf 77' lang='lat' dir='ltr'><strong>cognatum</strong></span> <span class='ocrx_word' id='word_1_149' title='bbox 390 2651 641 2731; x_wconf 88' lang='lat' dir='ltr'><strong>amplecterentur</strong></span> <span class='ocrx_word' id='word_1_150' title='bbox 668 2664 867 2732; x_wconf 83' lang='lat' dir='ltr'><strong>magnumque</strong></span> <span class='ocrx_word' id='word_1_151' title='bbox 896 2651 924 2710; x_wconf 88' lang='lat' dir='ltr'><strong>ei</strong></span> <span class='ocrx_word' id='word_1_152' title='bbox 954 2649 1120 2712; x_wconf 88' lang='lat' dir='ltr'><strong>tribuerent</strong></span> <span class='ocrx_word' id='word_1_153' title='bbox 1135 2649 1201 2732; x_wconf 81' lang='lat' dir='ltr'><strong>¹ho-</strong></span> 
     </span>
    </p>
   </div>
   <div class='ocr_carea' id='block_1_5' title="bbox 120 2750 1203 3246">
    <p class='ocr_par' dir='ltr' id='par_1_5' title="bbox 120 2750 1203 3246">
     <span class='ocr_line' id='line_1_22' title="bbox 120 2750 1202 2834; baseline -0.006 -18"><span class='ocrx_word' id='word_1_154' title='bbox 120 2770 235 2816; x_wconf 83' lang='lat' dir='ltr'><strong>norem.</strong></span> <span class='ocrx_word' id='word_1_155' title='bbox 280 2752 403 2818; x_wconf 86' lang='lat' dir='ltr'><strong>Praeter</strong></span> <span class='ocrx_word' id='word_1_156' title='bbox 426 2752 589 2834; x_wconf 87' lang='lat' dir='ltr'><strong>Cratetem,</strong></span> <span class='ocrx_word' id='word_1_157' title='bbox 615 2753 785 2817; x_wconf 83' lang='lat' dir='ltr'><strong>Antimachi</strong></span> <span class='ocrx_word' id='word_1_158' title='bbox 806 2750 965 2828; x_wconf 83' lang='lat' dir='ltr'><strong>uindicem,</strong></span> <span class='ocrx_word' id='word_1_159' title='bbox 987 2759 1154 2814; x_wconf 87' lang='lat' dir='ltr'><strong>sectatores</strong></span> <span class='ocrx_word' id='word_1_160' title='bbox 1172 2757 1202 2811; x_wconf 88' lang='lat' dir='ltr'><strong>et</strong></span> 
     </span>
     <span class='ocr_line' id='line_1_23' title="bbox 120 2850 1202 2927; baseline 0 -9"><span class='ocrx_word' id='word_1_161' title='bbox 120 2854 316 2918; x_wconf 84' lang='lat' dir='ltr'><strong>admiratores</strong></span> <span class='ocrx_word' id='word_1_162' title='bbox 339 2855 403 2922; x_wconf 89' lang='lat' dir='ltr'><strong>cius</strong></span> <span class='ocrx_word' id='word_1_163' title='bbox 426 2857 563 2920; x_wconf 85' lang='lat' dir='ltr'><strong>extitisse</strong></span> <span class='ocrx_word' id='word_1_164' title='bbox 585 2858 695 2922; x_wconf 90' lang='lat' dir='ltr'><strong>scimus</strong></span> <span class='ocrx_word' id='word_1_165' title='bbox 722 2850 1048 2927; x_wconf 51' lang='lat' dir='ltr'><strong>Hermetanauemdt</strong></span> <span class='ocrx_word' id='word_1_166' title='bbox 1084 2860 1116 2916; x_wconf 90' lang='lat' dir='ltr'><strong>et</strong></span> <span class='ocrx_word' id='word_1_167' title='bbox 1144 2851 1202 2918; x_wconf 89' lang='lat' dir='ltr'><strong>Ni·-</strong></span> 
     </span>
     <span class='ocr_line' id='line_1_24' title="bbox 121 2957 1202 3040; baseline -0.005 -20"><span class='ocrx_word' id='word_1_168' title='bbox 121 2957 336 3036; x_wconf 74' lang='lat' dir='ltr'><strong>candrum⁴&#39;)‚</strong></span> <span class='ocrx_word' id='word_1_169' title='bbox 368 2957 584 3040; x_wconf 66' lang='lat' dir='ltr'><strong>Colophonium</strong></span> <span class='ocrx_word' id='word_1_170' title='bbox 615 2961 718 3040; x_wconf 87' lang='lat' dir='ltr'><strong>etqui</strong></span> <span class='ocrx_word' id='word_1_171' title='bbox 746 2974 878 3020; x_wconf 87' lang='lat' dir='ltr'><strong>canones</strong></span> <span class='ocrx_word' id='word_1_172' title='bbox 901 2958 1052 3040; x_wconf 87' lang='lat' dir='ltr'><strong>epicorum</strong></span> <span class='ocrx_word' id='word_1_173' title='bbox 1076 2971 1202 3036; x_wconf 89' lang='lat' dir='ltr'><strong>compo-</strong></span> 
     </span>
     <span class='ocr_line' id='line_1_25' title="bbox 120 3057 1201 3143; baseline -0.002 -22"><span class='ocrx_word' id='word_1_174' title='bbox 120 3067 244 3124; x_wconf 91' lang='lat' dir='ltr'><strong>snerunt</strong></span> <span class='ocrx_word' id='word_1_175' title='bbox 277 3061 389 3140; x_wconf 88' lang='lat' dir='ltr'><strong>critici,</strong></span> <span class='ocrx_word' id='word_1_176' title='bbox 423 3062 452 3128; x_wconf 87' lang='lat' dir='ltr'><strong>ei</strong></span> <span class='ocrx_word' id='word_1_177' title='bbox 485 3063 563 3127; x_wconf 87' lang='lat' dir='ltr'><strong>inter</strong></span> <span class='ocrx_word' id='word_1_178' title='bbox 595 3061 770 3143; x_wconf 87' lang='lat' dir='ltr'><strong>Homerum,</strong></span> <span class='ocrx_word' id='word_1_179' title='bbox 805 3059 984 3136; x_wconf 89' lang='lat' dir='ltr'><strong>Hesiodum,</strong></span> <span class='ocrx_word' id='word_1_180' title='bbox 1017 3057 1201 3134; x_wconf 87' lang='lat' dir='ltr'><strong>Pisandrum,</strong></span> 
     </span>
     <span class='ocr_line' id='line_1_26' title="bbox 121 3163 1203 3246; baseline -0.001 -23"><span class='ocrx_word' id='word_1_181' title='bbox 121 3163 283 3245; x_wconf 72' lang='lat' dir='ltr'><strong>Panyasis,</strong></span> <span class='ocrx_word' id='word_1_182' title='bbox 313 3171 345 3225; x_wconf 92' lang='lat' dir='ltr'><strong>ut</strong></span> <span class='ocrx_word' id='word_1_183' title='bbox 381 3166 486 3245; x_wconf 88' lang='lat' dir='ltr'><strong>epicae</strong></span> <span class='ocrx_word' id='word_1_184' title='bbox 523 3166 691 3246; x_wconf 75' lang='lat' dir='ltr'><strong>principes,</strong></span> <span class='ocrx_word' id='word_1_185' title='bbox 730 3163 873 3227; x_wconf 84' lang='lat' dir='ltr'><strong>Choerilo</strong></span> <span class='ocrx_word' id='word_1_186' title='bbox 902 3163 1027 3226; x_wconf 80' lang='lat' dir='ltr'><strong>excluso</strong></span> <span class='ocrx_word' id='word_1_187' title='bbox 1069 3169 1203 3224; x_wconf 81' lang='lat' dir='ltr'><strong>nostrum</strong></span> 
     </span>
    </p>
   </div>
   <div class='ocr_carea' id='block_1_6' title="bbox 122 3398 1203 3644">
    <p class='ocr_par' dir='ltr' id='par_1_6' title="bbox 122 3398 1203 3644">
     <span class='ocr_line' id='line_1_27' title="bbox 156 3398 773 3470; baseline 0.003 -16"><span class='ocrx_word' id='word_1_188' title='bbox 156 3398 206 3466; x_wconf 83' lang='lat' dir='ltr'><strong>tt)</strong></span> <span class='ocrx_word' id='word_1_189' title='bbox 240 3401 304 3456; x_wconf 80' lang='lat' dir='ltr'><strong>Vide</strong></span> <span class='ocrx_word' id='word_1_190' title='bbox 322 3417 398 3468; x_wconf 84' lang='lat' dir='ltr'><strong>supra</strong></span> <span class='ocrx_word' id='word_1_191' title='bbox 414 3401 487 3456; x_wconf 80' lang='lat' dir='ltr'><strong>huius</strong></span> <span class='ocrx_word' id='word_1_192' title='bbox 505 3402 678 3470; x_wconf 76' lang='lat' dir='ltr'><strong>deputationis</strong></span> <span class='ocrx_word' id='word_1_193' title='bbox 694 3404 773 3456; x_wconf 81' lang='lat' dir='ltr'><strong>irritio</strong></span> 
     </span>
     <span class='ocr_line' id='line_1_28' title="bbox 155 3481 1203 3555; baseline -0.005 -15"><span class='ocrx_word' id='word_1_194' title='bbox 155 3485 206 3552; x_wconf 74' lang='grc'><strong>43)</strong></span> <span class='ocrx_word' id='word_1_195' title='bbox 241 3486 341 3540; x_wconf 78' lang='grc' dir='ltr'>λιιιιιιι.</span> <span class='ocrx_word' id='word_1_196' title='bbox 360 3486 437 3540; x_wconf 78' lang='lat' dir='ltr'><strong>ratae</strong></span> <span class='ocrx_word' id='word_1_197' title='bbox 461 3487 503 3551; x_wconf 82' lang='lat' dir='ltr'><strong>tlt,</strong></span> <span class='ocrx_word' id='word_1_198' title='bbox 522 3487 581 3540; x_wconf 75' lang='grc'><strong>318.</strong></span> <span class='ocrx_word' id='word_1_199' title='bbox 599 3489 707 3542; x_wconf 71' lang='lat' dir='ltr'><strong>Metnek</strong></span> <span class='ocrx_word' id='word_1_200' title='bbox 727 3489 800 3542; x_wconf 68' lang='lat' dir='ltr'><strong>Anat</strong></span> <span class='ocrx_word' id='word_1_201' title='bbox 817 3488 889 3542; x_wconf 77' lang='lat' dir='ltr'><strong>Alex.</strong></span> <span class='ocrx_word' id='word_1_202' title='bbox 907 3505 931 3555; x_wconf 95' lang='lat' dir='ltr'><strong>p</strong></span> <span class='ocrx_word' id='word_1_203' title='bbox 948 3487 1007 3538; x_wconf 76' lang='lat' dir='ltr'><strong>Set</strong></span> <span class='ocrx_word' id='word_1_204' title='bbox 1027 3484 1112 3536; x_wconf 59' lang='lat'><strong>30.»</strong></span> <span class='ocrx_word' id='word_1_205' title='bbox 1139 3483 1168 3530; x_wconf 99' lang='lat' dir='ltr'>V</span> <span class='ocrx_word' id='word_1_206' title='bbox 1186 3481 1203 3532; x_wconf 78' lang='grc'>3</span> 
     </span>
     <span class='ocr_line' id='line_1_29' title="bbox 122 3551 1092 3644; baseline -0.008 -22"><span class='ocrx_word' id='word_1_207' title='bbox 122 3586 169 3636; x_wconf 71' lang='lat' dir='ltr'><strong>pre</strong></span> <span class='ocrx_word' id='word_1_208' title='bbox 193 3571 310 3624; x_wconf 87' lang='lat' dir='ltr'><strong>codicum</strong></span> <span class='ocrx_word' id='word_1_209' title='bbox 332 3551 471 3644; x_wconf 76' lang='grc' dir='ltr'><strong>φλλητρα</strong></span> <span class='ocrx_word' id='word_1_210' title='bbox 492 3575 635 3642; x_wconf 83' lang='lat' dir='ltr'><strong>accepimus</strong></span> <span class='ocrx_word' id='word_1_211' title='bbox 653 3574 746 3626; x_wconf 81' lang='lat' dir='ltr'><strong>llohrei</strong></span> <span class='ocrx_word' id='word_1_212' title='bbox 764 3575 934 3632; x_wconf 75' lang='lat' dir='ltr'><strong>coniecturam</strong></span> <span class='ocrx_word' id='word_1_213' title='bbox 959 3553 1092 3639; x_wconf 70' lang='grc' dir='ltr'>Φιλητὰ.</span> 
     </span>
    </p>
   </div>
   <div class='ocr_carea' id='block_1_7' title="bbox 155 3655 857 3864">
    <p class='ocr_par' dir='ltr' id='par_1_7' title="bbox 155 3655 846 3864">
     <span class='ocr_line' id='line_1_30' title="bbox 155 3655 822 3864; baseline 0 -154"><span class='ocrx_word' id='word_1_214' title='bbox 155 3655 206 3864; x_wconf 54' lang='lat'><strong>:23</strong></span> <span class='ocrx_word' id='word_1_215' title='bbox 242 3657 338 3710; x_wconf 84' lang='lat' dir='ltr'><strong>Gallim.</strong></span> <span class='ocrx_word' id='word_1_216' title='bbox 355 3659 385 3710; x_wconf 83' lang='grc' dir='ltr'><strong>ιι</strong></span> <span class='ocrx_word' id='word_1_217' title='bbox 398 3659 456 3712; x_wconf 81' lang='lat' dir='ltr'><strong>tlt.</strong></span> <span class='ocrx_word' id='word_1_218' title='bbox 474 3661 512 3711; x_wconf 93' lang='lat' dir='ltr'><strong>ed.</strong></span> <span class='ocrx_word' id='word_1_219' title='bbox 530 3659 627 3712; x_wconf 87' lang='lat' dir='ltr'><strong>Ernest.</strong></span> <span class='ocrx_word' id='word_1_220' title='bbox 642 3657 669 3710; x_wconf 80' lang='grc' dir='ltr'><strong>Τ.</strong></span> <span class='ocrx_word' id='word_1_221' title='bbox 686 3658 739 3726; x_wconf 81' lang='lat' dir='ltr'><strong>hp</strong></span> <span class='ocrx_word' id='word_1_222' title='bbox 741 3659 822 3711; x_wconf 74' lang='lat' dir='ltr'><strong>..hid</strong></span> 
     </span>
     <span class='ocr_line' id='line_1_31' title="bbox 156 3725 857 3796; baseline -0.003 -18"><span class='ocrx_word' id='word_1_223' title='bbox 156 3727 190 3778; x_wconf 76' lang='lat' dir='ltr'><strong>tt</strong></span> <span class='ocrx_word' id='word_1_224' title='bbox 240 3725 350 3783; x_wconf 76' lang='lat' dir='ltr'><strong>idcineh</strong></span> <span class='ocrx_word' id='word_1_225' title='bbox 367 3730 394 3778; x_wconf 92' lang='lat' dir='ltr'><strong>in</strong></span> <span class='ocrx_word' id='word_1_226' title='bbox 411 3727 522 3796; x_wconf 87' lang='lat' dir='ltr'><strong>Euphor.</strong></span> <span class='ocrx_word' id='word_1_227' title='bbox 540 3727 664 3780; x_wconf 73' lang='lat' dir='ltr'><strong>Analectt.</strong></span> <span class='ocrx_word' id='word_1_228' title='bbox 683 3727 755 3780; x_wconf 76' lang='lat' dir='ltr'><strong>Alex.</strong></span> <span class='ocrx_word' id='word_1_229' title='bbox 775 3745 799 3796; x_wconf 91' lang='lat' dir='ltr'><strong>p.</strong></span> <span class='ocrx_word' id='word_1_230' title='bbox 816 3725 857 3778; x_wconf 79' lang='lat'><strong>31.</strong></span> 
     </span>
    </p>
   </div>
   <div class='ocr_carea' id='block_1_8' title="bbox 122 3809 1203 4220">
    <p class='ocr_par' dir='ltr' id='par_1_8' title="bbox 122 3809 1203 4220">
     <span class='ocr_line' id='line_1_32' title="bbox 157 3809 1203 3894; baseline -0.006 -29.483"><span class='ocrx_word' id='word_1_231' title='bbox 157 3811 450 3877; x_wconf 68' lang='lat' dir='ltr'><strong>ddlllermesiaaactia</strong></span> <span class='ocrx_word' id='word_1_232' title='bbox 473 3814 604 3870; x_wconf 85' lang='lat' dir='ltr'><strong>Leontium</strong></span> <span class='ocrx_word' id='word_1_233' title='bbox 628 3816 736 3866; x_wconf 88' lang='lat' dir='ltr'><strong>imitatur</strong></span> <span class='ocrx_word' id='word_1_234' title='bbox 760 3812 900 3866; x_wconf 78' lang='grc' dir='ltr'>Αιιιιιιιιιιιι</span> <span class='ocrx_word' id='word_1_235' title='bbox 918 3809 1044 3892; x_wconf 74' lang='lat' dir='ltr'><strong>Lyden</strong></span> <span class='ocrx_word' id='word_1_236' title='bbox 1035 3819 1060 3860; x_wconf 88' lang='lat' dir='ltr'><strong>et</strong></span> <span class='ocrx_word' id='word_1_237' title='bbox 1085 3815 1203 3894; x_wconf 65' lang='lat' dir='ltr'><strong>quantuni</strong></span> 
     </span>
     <span class='ocr_line' id='line_1_33' title="bbox 122 3868 1200 3982; baseline -0.013 -29"><span class='ocrx_word' id='word_1_238' title='bbox 122 3901 177 3950; x_wconf 79' lang='lat' dir='ltr'><strong>cius</strong></span> <span class='ocrx_word' id='word_1_239' title='bbox 180 3900 282 3982; x_wconf 83' lang='lat' dir='ltr'><strong>poesin</strong></span> <span class='ocrx_word' id='word_1_240' title='bbox 301 3899 478 3954; x_wconf 77' lang='lat' dir='ltr'><strong>llurrnesianax</strong></span> <span class='ocrx_word' id='word_1_241' title='bbox 493 3899 627 3954; x_wconf 78' lang='lat' dir='ltr'><strong>admiratus</strong></span> <span class='ocrx_word' id='word_1_242' title='bbox 643 3901 688 3961; x_wconf 89' lang='lat' dir='ltr'><strong>sit,</strong></span> <span class='ocrx_word' id='word_1_243' title='bbox 705 3906 826 3952; x_wconf 69' lang='lat' dir='ltr'><strong>teruntur</strong></span> <span class='ocrx_word' id='word_1_244' title='bbox 843 3898 900 3950; x_wconf 78' lang='lat' dir='ltr'><strong>elus</strong></span> <span class='ocrx_word' id='word_1_245' title='bbox 914 3896 991 3948; x_wconf 84' lang='lat' dir='ltr'><strong>verba</strong></span> <span class='ocrx_word' id='word_1_246' title='bbox 1009 3869 1089 3959; x_wconf 75' lang='grc' dir='ltr'>γόων</span> <span class='ocrx_word' id='word_1_247' title='bbox 1109 3868 1200 3942; x_wconf 76' lang='grc' dir='ltr'><strong><em>δὲνε-</em></strong></span> 
     </span>
     <span class='ocr_line' id='line_1_34' title="bbox 122 3957 626 4068; baseline -0.012 -33"><span class='ocrx_word' id='word_1_248' title='bbox 122 3957 267 4052; x_wconf 70' lang='lat' dir='ltr'><strong>atquem</strong></span> <span class='ocrx_word' id='word_1_249' title='bbox 287 3964 448 4050; x_wconf 69' lang='lat' dir='ltr'><strong>dipttoua&#39;</strong></span> <span class='ocrx_word' id='word_1_250' title='bbox 439 3957 535 4055; x_wconf 76' lang='grc' dir='ltr'>ιράς.</span> <span class='ocrx_word' id='word_1_251' title='bbox 611 4043 626 4068; x_wconf 69' lang='lat'><strong>,</strong></span> 
     </span>
     <span class='ocr_line' id='line_1_35' title="bbox 155 4041 1187 4134; baseline -0.025 -3"><span class='ocrx_word' id='word_1_252' title='bbox 155 4067 207 4130; x_wconf 74' lang='lat' dir='ltr'><strong>dl]</strong></span> <span class='ocrx_word' id='word_1_253' title='bbox 243 4068 585 4128; x_wconf 66' lang='lat' dir='ltr'><strong>submurmuratione</strong></span> <span class='ocrx_word' id='word_1_254' title='bbox 611 4044 754 4122; x_wconf 78' lang='lat' dir='ltr'><strong>Eum</strong></span> <span class='ocrx_word' id='word_1_255' title='bbox 736 4075 754 4118; x_wconf 87' lang='lat' dir='ltr'><strong>o</strong></span> <span class='ocrx_word' id='word_1_256' title='bbox 778 4046 995 4134; x_wconf 56' lang='grc' dir='ltr'><strong><em>Νίκανὼυςζ</em></strong></span> <span class='ocrx_word' id='word_1_257' title='bbox 976 4038 1187 4132; x_wconf 57' lang='lat' dir='ltr'><strong>quurrrss&#39;Au</strong></span> 
     </span>
     <span class='ocr_line' id='line_1_36' title="bbox 126 4133 269 4220; baseline 0 -20"><span class='ocrx_word' id='word_1_258' title='bbox 126 4133 269 4220; x_wconf 75' lang='grc' dir='ltr'>ιιμάχιιιι.</span> 
     </span>
    </p>
   </div>
   <div class='ocr_carea' id='block_1_9' title="bbox 0 0 1481 4908">
    <p class='ocr_par' dir='ltr' id='par_1_9' title="bbox 0 0 1481 4908">
     <span class='ocr_line' id='line_1_37' title="bbox 0 0 1481 4908; baseline 0 0"><span class='ocrx_word' id='word_1_259' title='bbox 0 0 1481 4908; x_wconf 95' lang='lat' dir='ltr'><strong> </strong></span> 
     </span>
    </p>
   </div>
  </div>
 </body>
</html>
