2936 4908
699 408 964 477 ..ῃ-

293 602 411 678 titulus,
440 603 489 681 qui
512 597 549 660 ad
572 607 778 680 argumentum
801 599 966 678 pertineat,
996 595 1063 657 huic
1093 593 1260 657 Antimachi
1289 597 1380 675 operi

292 721 353 766 non
375 700 420 764 'sit
444 701 567 778 inditus,
598 699 816 762 diversissimas
846 717 896 762 res
927 706 1045 780 poetam
1073 700 1102 759 in
1132 716 1170 760 eo
1199 699 1380 760 tractavisse

293 803 509 890 concludimus,
532 803 572 864 ita
594 809 627 863 ut
649 819 709 863 non
731 801 837 862 iniuria
862 799 1124 880 Schellenbcrgius
1140 817 1206 861 cum
1229 798 1380 861 eiusmodi

292 906 393 968 libello
417 906 592 982 contulerit,
623 918 713 983 quem
735 904 836 970 nostri,
859 911 969 966 vocant
996 895 1189 983 epo'etischcs
1219 902 1381 964 Tcschen-
1409 913 1413 922 ’

259 1035 262 1040 ¹
292 1008 399 1070 bucha
443 1009 564 1071 'Versus
591 1005 780 1082 hexameter,
816 1007 866 1088 qui
895 1005 933 1068 ab
958 1004 1115 1067 Athenaeo
1147 1023 1187 1066 ex
1213 1005 1266 1066 illo
1296 1021 1380 1090 poe-

292 1117 371 1172 mate
393 1109 530 1186 ellertur,
553 1116 603 1170 aut
624 1107 759 1185 heroico,
783 1116 843 1185 aut,
866 1109 896 1169 id
918 1108 998 1188 quod
1014 1104 1200 1188 probabilius
1224 1114 1285 1184 est,
1308 1105 1381 1168 elc-

175 1221 182 1238 “
293 1214 381 1293 giaco
403 1231 528 1275 numero
548 1212 582 1290 ¹id
605 1213 806 1292 conscriptum
829 1211 921 1286 irrisae
945 1209 1083 1276 declaret.

378 1339 464 1403 Alius
492 1341 638 1421 poematis
665 1339 867 1417 Antimachei,
898 1339 981 1401 cuius
1013 1339 1113 1401 titulus
1144 1353 1203 1399 non
1235 1337 1323 1420 plane
1348 1339 1379 1398 in

294 1451 398 1524 aperto
422 1450 483 1520 est,
511 1443 622 1504 mentio
646 1444 775 1503 occurrit
798 1433 895 1503 in'Et.
918 1441 957 1504 Μ.
980 1459 1009 1522 p.
1034 1441 1064 1519 d,
1088 1439 1117 1502 6.
1152 1429 1380 1521 Ἀντίμαχος

292 1535 449 1630 Ἰαχίνῃν
467 1542 517 1607 τοὶ
545 1536 638 1630 d'c'r'pe
668 1537 699 1606 ot
727 1547 754 1606 ie.
774 1537 801 1606 τζ
825 1543 853 1605 λ.
893 1541 1061 1605 Blonficldii
1093 1544 1172 1606 enim
1204 1542 1378 1604 coniectura

293 1637 483 1728 Ἀντίμαχος·
510 1635 638 1724 Ἰάχοντι
666 1634 747 1732 d'dc'p'
768 1639 807 1734 ¹ol
837 1643 1010 1736 accipienda
1042 1661 1102 1708 non
1131 1653 1186 1708 est.
1219 1645 1314 1722 Quam
1338 1643 1378 1708 cb

293 1769 357 1812 rem
378 1747 502 1830 Berghii
526 1749 702 1810 sententiam
725 1748 755 1810 in
774 1745 1115 1811 ZimmermahniDiario
1134 1749 1276 1828 antiq.²⁴)
1300 1766 1379 1828 pro-

294 1853 383 1914 ditam
404 1849 482 1911 haud
504 1855 708 1932 repugnanter
730 1850 945 1940 amplectimur.
981 1849 1018 1912 -ls
1035 1851 1165 1924 enimin
1180 1849 1226 1913 Et.
1250 1849 1288 1913 Μ.
1304 1867 1379 1910 cor-

292 1956 364 2035 rigit
399 1943 611 2032 Ἀντίμαχος
647 1941 861 2038 Καταχήνμ,
891 1956 978 2016 nisus
1013 1947 1190 2022 auctoritate
1211 1935 1371 2034 ⁸Spartieni

293 2057 351 2118 Vit.
375 2056 519 2118 Hadrian„
543 2076 568 2118 c.
589 2055 650 2147 ⁶15.
683 2057 810 2120 „Famae
841 2047 969 2118 celebris
998 2064 1057 2118 tum
1087 2053 1210 2136 cu'pidus
1238 2054 1311 2134 fuit,
1344 2063 1379 2116 ut

293 2159 387 2222 libros
410 2160 489 2222 ritae
512 2176 587 2221 suae
609 2159 739 2240 scriptos
761 2178 777 2222 a
800 2177 835 2222 se
860 2160 975 2222 libertis
1005 2149 1067 2222 suis
1089 2158 1227 2222 litteratis
1249 2157 1377 2235 dederit,
1455 2209 1456 2236 ,

293 2261 399 2323 iubens
426 2268 459 2322 ut
488 2277 542 2324 cos
573 2262 635 2322 suis
669 2262 835 2324 nominibus
864 2261 1052 2344 publicarent
1059 2281 1069 2338 ;
1099 2280 1168 2324 nam
1201 2261 1378 2344 Phlegontis

294 2363 360 2427 libri
382 2364 522 2427 Hadriani
544 2383 616 2430 esse
639 2348 784 2429 dicuntur.
831 2363 1089 2444 Cataorianos,¹
1103 2365 1219 2429 libros
1242 2365 1377 2428 obscu-

292 2467 487 2544 rissimos,
517 2466 761 2530 Antimachum
791 2468 963 2530 imitando
997 2469 1177 2549 scripsit«
1217 2469 1282 2542 Quo
1305 2467 1376 2532 loco

295 2587 383 2647 quum
404 2570 436 2630 in
458 2572 666 2652 manuscriptis
688 2590 743 2652 pro
770 2572 1001 2646 catacrianos
1026 2571 1146 2652 legatur
1172 2571 1377 2634 catachria-

293 2688 368 2748 nos,
392 2677 624 2754 catacannas,
648 2675 871 2752 catacalnos,
895 2680 1135 2752 cameramos,
1159 2675 1275 2751 similia,
1297 2691 1375 2755 pro-

293 2774 391 2836 babile
412 2775 445 2838 tit
480 2775 535 2838 sub
557 2777 659 2840 verbis
688 2777 746 2840 illis
777 2775 925 2855 corruptis
947 2773 1042 2844 latere
1063 2775 1183 2840 vocem'
1198 2774 1376 2840 Catache-

293 2894 367 2940 nas.
414 2880 508 2953 Quam
530 2878 700 2940 obcausam
714 2895 822 2958 poema
844 2878 888 2938 sic
900 2877 1075 2960 inscriptum
1097 2881 1185 2942 ctiam
1198 2879 1376 2946 Antimacho

293 2979 446 3042 ascribere
476 2998 537 3042 non
563 2979 742 3057 dubitemne,
774 2997 862 3059 quum
889 2975 950 3042 nou
978 2981 1074 3046 solum
1101 2982 1219 3048 dicendi
1249 3001 1374 3064 genere,

293 3080 348 3141 sed
370 3081 458 3141 etiam
480 3089 656 3170 argumento
680 3090 709 3143 et
731 3083 925 3164 inscriptione
955 3085 1057 3165 operis
1080 3083 1259 3146 Hadrianum
1281 3089 1375 3168 graie-

293 3200 361 3242 cum
395 3189 514 3261 puetom
546 3184 689 3247 imitatum
724 3202 793 3248 esse
825 3185 1068 3250 verisimillimum
1104 3187 1150 3250 sit.
1184 3177 1375 3274 Καταχὴννμ

294 3277 406 3359 obtem,
430 3301 506 3364 quae
520 3303 582 3347 vox
606 3296 653 3349 est
675 3287 751 3370 apud
765 3288 1056 3372 Aristophanem²⁵),
1079 3291 1289 3372 interpretatur
1311 3289 1375 3352 lle-

293 3386 415 3466 sychius
438 3384 671 3471 corepiscopo,
694 3381 906 3478 μνντὴρινμα,
928 3387 1137 3472 ἐξονίίένιομα
1159 3395 1221 3467 (sic
1244 3413 1303 3456 scr.
1317 3412 1373 3474 pro

155 3507 183 3550 ἡ
219 3562 222 3568 ¹
294 3477 502 3573 καταχείοίση,
524 3489 712 3580 μυκτηρίση,
735 3491 958 3579 {dacherium}
996 3494 1097 3574 ltaque
1119 3495 1208 3574 liber,
1236 3498 1281 3556 cui
1308 3501 1373 3559 Κα-

293 3582 411 3676 ταχὴνη
434 3591 533 3654 titulus
556 3593 664 3656 inditus
687 3605 747 3673 ost,
775 3595 938 3677 probrosus
961 3605 1025 3658 erat
1047 3595 1192 3660 irrisionis
1215 3607 1244 3660 ct
1266 3589 1373 3662 conli-

295 3694 407 3755 ciorum
430 3713 518 3758 causa
542 3703 763 3778 contrapoetas
786 3699 918 3760 aemulos
942 3706 971 3760 et
986 3699 1373 3784 obtrectatoresrortscrip-

293 3802 350 3856 tus.
394 3797 441 3874 Ex
467 3799 541 3879 ipsis
567 3801 722 3879 poematis,
741 3799 841 3867 verbis
871 3799 907 3862 eb
923 3801 1112 3884 ,Etymologo
1138 3803 1233 3877 allatis
1266 3799 1372 3869 uorsus

296 4047 389 4183 p2¹llp3
410 4047 440 4100 ll.
460 4050 535 4103 1835.
554 4053 583 4104 N.
601 4051 642 4106 37.
667 4051 770 4107 Confer.
794 4055 906 4107 ciusdem
929 4055 1100 4124 Commentatt
1126 4055 1195 4112 Com.
1220 4059 1269 4112 Att.
1289 4061 1370 4130 Autiq.
1450 4107 1451 4151 p

328 4184 376 4250 25)
411 4187 536 4255 Aristoph.
555 4189 730 4275 uerte-rost.
750 4193 825 4260 rep.
844 4193 902 4246 515.
