2936 4908
717 395 984 464 —ffl-

313 588 345 649 F.
370 586 406 650 A.
431 586 533 652 Wollli
555 588 667 669 primus
689 583 782 650 edidit
794 582 846 658 ⁵⁶).
877 582 988 644 Aetate
1011 577 1099 642 senili
1115 575 1192 640 idem
1212 576 1253 640 -ad
1276 593 1399 656 anuum,

314 707 374 770 ipro
397 697 469 770 post
486 692 579 752 vitam
601 691 631 752 in
653 688 744 751 rebus
767 685 952 750 scholasticis
980 689 1012 746 ct
1038 679 1253 758 ecclesiasticis
1282 681 1400 760 patriae

230 831 231 836 =
314 799 437 854 nostrae
461 789 615 873 praeclare
642 797 797 872 peractam
825 787 970 851 solemnia
999 783 1242 853 senisaccularia
1272 781 1399 860 iaceret,

313 894 517 958 illustrandum
541 911 649 956 nocam
673 894 720 955 sui
741 892 834 955 libelli
856 891 1016 955 editionem
1043 888 1141 950 animo
1167 885 1313 967 agitabam
1342 885 1402 948 sed

315 1015 404 1078 quum
432 999 555 1078 longum
586 1013 643 1077 per
671 1003 791 1076 tempus
821 995 854 1055 in
886 993 1072 1074 publicorum
1103 1005 1258 1052 munenun
1290 987 1401 1052 oifioiis

314 1100 542 1179 scholarumque
570 1097 868 1165 administrandarum
895 1094 1025 1178 negotiis
1051 1109 1165 1156 smnmo
1193 1091 1293 1154 studio
1321 1109 1402 1172 pro-

314 1202 444 1281 bataque
467 1201 620 1282 diligentia
642 1201 773 1263 nranime
793 1207 931 1264 versabrs
957 1198 1024 1260 aliis
1047 1195 1139 1258 rebus
1162 1211 1223 1257 non
1246 1202 1399 1271 vacasset,

314 1312 455 1384 prunum
477 1303 514 1366 ab
538 1304 582 1366 eis
605 1303 726 1379 studiis,
748 1303 856 1390 quibus
878 1302 995 1364 iuvenis
1017 1298 1136 1362 deditus
1162 1297 1277 1374 bremt,
1300 1315 1400 1362 senex

313 1415 456 1470 remotus-
469 1415 566 1485 essct,
595 1408 648 1468 vir.
667 1405 850 1468 venerabilis
876 1403 972 1488 sensit
996 1404 1095 1482 itaque
1122 1402 1243 1482 incepto
1273 1400 1399 1464 destitit.

314 1508 373 1572 Sed
397 1487 473 1590 qaae
495 1511 561 1590 ipse
584 1508 775 1570 fundamenta
791 1514 948 1588 posuerat,
971 1506 1016 1568 eis
1028 1504 1215 1586 posteriores
1238 1505 1301 1568 nixi
1318 1513 1398 1566 sunt.

313 1611 503 1692 draguncntis
523 1610 698 1673 Antimacbi
714 1610 849 1702 collectis
872 1618 902 1671 et
919 1609 1096 1673 testimoniis
1119 1607 1157 1670 de
1179 1609 1245 1670 eius
1263 1625 1400 1689 poeseos

316 1713 432 1794 'genere
460 1713 634 1794 compositis
663 1721 694 1776 et
727 1699 907 1792 exploretis,
936 1711 1155 1774 recentioribus
1181 1713 1314 1792 apertior
1343 1710 1401 1772 luit

252 1862 263 1884 .
314 1813 362 1879 vla
385 1825 427 1878 et*
440 1815 611 1896 expeditior
632 1814 670 1877 ad
683 1814 897 1878 Antimacbeae
912 1831 1045 1896 poeseos
1056 1822 1191 1878 naturam
1213 1822 1244 1877 et
1265 1813 1399 1876 indolem

314 1915 565 2000 mpnoeemdcn.
598 1916 680 1980 Inter
702 1934 770 1992 eos,
800 1918 850 1998 qui
880 1916 918 1979 de
944 1916 1122 1990 Antimacho
1144 1917 1273 1979 manime
1299 1919 1399 1980 meriti

275 2053 277 2058 ·
313 2029 396 2098 sarit,
424 2037 624 2088 memoremus
646 2021 815 2093 Naekium
843 2028 874 2083 et
895 2019 1145 2098 Welckerum,
1172 2037 1297 2099 quorum
1319 2021 1399 2082 alter

313 2125 350 2186 lm
366 2123 497 2186 editione
512 2120 652 2186 ¹Choerili
664 2123 778 2202 samu,
802 2125 879 2186 alter
900 2124 930 2186 in
947 2123 1024 2185 libro
1047 2123 1085 2186 de
1100 2121 1194 2204 Cyclo
1217 2124 1304 2205 epioe
1317 2141 1398 2202 qua·-

312 2225 479 2290 lishiisset
493 2226 669 2289 Antimachi
692 2229 796 2308 poesis
817 2242 964 2307 quemque
986 2227 1085 2287 locum
1106 2226 1185 2288 inter
1206 2227 1398 2290 retentores

313 2327 497 2400 (liberorum
517 2331 623 2411 epicos
645 2331 806 2408 tenuisset,
837 2331 945 2392 elarius
969 2329 1217 2423 demonstrarunt.
1261 2327 1315 2393 His
1337 2319 1397 2390 ad-

312 2431 408 2496 dinnis
427 2432 649 2496 biom-fieldii
671 2433 827 2496 Distribeu
855 2433 894 2494 de
915 2431 1100 2495 'Antimacho
1129 2433 1160 2493 in
1186 2431 1268 2493 Diar.
1299 2429 1396 2496 class.

311 2535 347 2597 N.
371 2534 433 2612 Vll,
464 2537 494 2596 in
517 2553 575 2614 qua
605 2538 767 2622 praecipue
791 2555 839 2599 ars
863 2537 967 2598 critica
987 2536 1017 2596 in
1037 2533 1206 2615 Antimachi
1227 2533 1397 2616 fragmenta

312 2646 483 2700 exercetur.
513 2637 584 2699 Post
599 2639 836 2721 Schellenbergii
859 2637 975 2718 teinpus
992 2637 1119 2702 Scholiis
1134 2639 1258 2700 Venetis
1272 2636 1396 2700 Homeri

311 2737 405 2822 epora
434 2739 598 2814 Villoisoni¹
621 2740 806 2821 aliorumque
828 2741 891 2802 VV.
911 2740 974 2805 DD.
998 2739 1162 2802 Anecdotis
1189 2735 1276 2802 editis
1302 2741 1396 2802 multa

242 2825 247 2848 ¹
310 2827 479 2906 Antimachi
501 2841 668 2926 fragmenta
691 2853 779 2906 antea
800 2861 861 2904 non
874 2837 1003 2922 cognita
1017 2843 1047 2904 in
1069 2843 1298 2923 lucem-prolata
1314 2852 1394 2922 sunt,
1436 2831 1442 2838 ’

311 2963 394 3026 quae.
412 2946 547 3025 exceptis
566 2946 726 3026 perpaucis
742 2946 840 3006 omnia
863 2963 929 3007 cum
948 2946 1074 3027 reliquis
1096 2946 1127 3007 in
1154 2944 1245 3006 Frid.
1272 2946 1394 3009 Duebss

266 3077 272 3086 ·
309 3049 390 3109 neri
421 3047 601 3108 collectione
624 3047 705 3123 Acii,
734 3046 882 3126 Pisandri,
908 3048 1096 3130 PanyasidiS,
1126 3047 1272 3125 Choerili,
1301 3049 1395 3111 Anti-

311 3150 407 3211 machi
428 3148 661 3229 fragmentorum
677 3151 813 3232 invenies
826 3151 876 3225 Ἦ.
911 3139 1095 3214 Peculiarem
1110 3160 1209 3212 tamen
1224 3150 1395 3214 Antimachi

204 3303 207 3306 ,
309 3251 470 3313 editionem
497 3258 620 3330 praeter
650 3252 962 3335 Schellenbergianam
992 3255 1052 3315 ndo
1081 3260 1228 3314 tenemus.
1271 3254 1393 3316 Partem

308 3353 542 3452 iragmeutr‘uum
564 3353 732 3417 Antimachi
762 3357 908 3438 praebent
933 3355 968 3417 N.
992 3354 1113 3430 Baebii
1144 3354 1235 3417 editio
1258 3355 1392 3420 Philotae

308 3476 344 3536 p..
361 3455 423 3518 255
447 3463 566 3536 squ-et
590 3456 786 3520 Gaisiordii
807 3459 917 3522 Poetae
937 3459 1045 3544 iiraec.
1069 3457 1141 3519 min.
1163 3457 1246 3521 Tom.
1270 3458 1319 3520 lll.
1358 3459 1394 3522 ln

306 3557 697 3622 buentzcrteottecttcne
714 3561 948 3643 fragmentorum
961 3563 1114 3641 epicorum
1130 3579 1231 3642 graec.
1244 3562 1284 3634 ⁵⁸]
1301 3564 1393 3626 etiam

339 3811 387 3877 to]
424 3800 597 3866 Antimaeh'i
623 3792 939 3881 Colophreliquiae.
975 3813 1047 3874 Nunc
1070 3819 1176 3884 primum
1194 3819 1346 3886 conquirere
1364 3829 1392 3870 et

237 3920 240 3926 .
270 3962 275 3979 Ι
306 3882 431 4002 Εῗρίὲεῇἷὲ
446 3881 599 4004 ἰειὲῗίῑιίἰὲὃὲ.
617 3881 648 3933 A.
662 3881 939 3952 G..Sohellenberg.
959 3884 1074 3936 Accessit
1086 3885 1197 3954 Epistola
1210 3887 1251 3938 Fr.
1268 3886 1299 3938 A.
1312 3887 1390 3938 Wol-

339 4035 387 4100 57)
422 4037 513 4088 Addita
531 4043 570 4086 est
586 4051 616 4084 ea
635 4034 751 4086 collectio
770 4034 872 4088 editioni
891 4036 993 4091 Hesiodi
1015 4031 1178 4108 aliorumque
1189 4057 1274 4108 graec.
1293 4052 1388 4109 poete-

304 4120 359 4156 rum
377 4103 553 4165 Parisinae‚
572 4107 703 4152 curataca
720 4102 749 4153 F.
767 4104 793 4155 S.
816 4105 976 4174 Lehrs,.up.
991 4109 1022 4160 A.
1038 4109 1067 4161 F.
1085 4109 1169 4161 Didot.
1185 4109 1261 4160 teto.

299 4243 301 4247 ,
338 4175 387 4252 58]
422 4187 477 4246 Die
500 4186 687 4254 Fragmente
711 4187 765 4239 der
794 4207 837 4258 cp.
865 4191 977 4268 Poeaie
1000 4196 1054 4247 der
1082 4193 1234 4246 Griechen
1256 4195 1304 4244 his
1330 4212 1388 4247 cur
