2898 4868
273 575 341 630 sunt
368 568 532 648 Melampus
555 577 585 632 et
608 570 822 652 Amphiaraus:
850 569 983 630 Dicunt
1016 571 1156 648 poetam
1183 565 1254 625 ista
1286 582 1365 627 om-

272 671 333 733 nia
360 689 404 734 ex
422 671 572 734 'Graeco
600 680 710 754 poeta
740 670 951 734 Antimacho
985 668 1206 745 deduxisse,
1236 670 1366 747 quiet

141 785 145 794 ·
273 775 351 852 ipse
380 773 562 854 (ion)gam
593 773 816 836 'ihehaidem
846 761 999 852 scripsit
1030 771 1291 849 eqvcterihus
1322 772 1365 832 in
1425 779 1426 826 ι

272 891 400 956 magno
423 875 541 956 pretio
564 875 775 938 habitam-
808 875 862 937 His
883 873 1068 939 scholiastae
1090 855 1191 936 verbis
1213 870 1364 935 universe
1425 872 1426 915 i

272 975 358 1039 dictis
382 977 586 1056 intelliguntur
611 979 762 1059 auspicia,
796 995 872 1057 quac
899 975 936 1037 ah
963 973 1144 1055 Amphiarao
1171 981 1202 1036 et
1229 972 1364 1038 Melam-

272 1076 351 1158 pode
375 1077 413 1139 de
436 1077 620 1159 Argivorum
643 1079 831 1158 profectione
853 1077 930 1140 facta
954 1079 984 1138 in
1007 1078 1090 1142 Statii
1117 1077 1269 1138 Thebaide
1301 1077 1363 1139 de-

271 1168 449 1243 scribuntur.
495 1177 609 1253 Quibus
633 1181 840 1259 confirmatur,
871 1180 901 1242 id
931 1180 1011 1261 quod
1039 1182 1127 1242 eiiam
1157 1199 1196 1241 ex
1227 1181 1293 1262 ipsa
1327 1200 1363 1242 re

272 1288 411 1362 apparet,
442 1282 473 1342 in
495 1280 664 1348 Antimachi
692 1300 811 1363 quoque
840 1283 992 1346 Thebaide
1020 1282 1192 1363 Amphiarai
1220 1289 1251 1344 et
1278 1285 1363 1344 vati-

271 1382 340 1444 cinii
363 1391 393 1446 et
414 1381 543 1445 fatorum
566 1379 787 1448 enarrationem
809 1403 871 1447 non
893 1387 1028 1468 angustis
1046 1385 1156 1448 finibus
1178 1384 1272 1446 fuisse
1297 1387 1362 1447 cir-

161 1492 166 1500 '
271 1487 489 1566 cumscriptam.
535 1483 573 1546 Ut
594 1487 625 1548 in
640 1486 793 1568 Apollonii
809 1483 1022 1570 Argonauticis
1042 1488 1084 1566 (Ι,
1097 1484 1156 1550 tut
1173 1491 1258 1568 sqq.)
1273 1479 1361 1568 'pro-

146 1647 149 1654 ,
271 1589 393 1652 recurris
426 1586 569 1647 heroibus
603 1606 690 1650 sacra
719 1587 895 1651 iacientibus
926 1590 1029 1653 Idmon
1059 1598 1146 1654 vates
1175 1606 1259 1652 suam
1293 1593 1361 1668 ipse

270 1693 395 1750 mortem
421 1686 592 1766 praedixit,
620 1690 660 1751 ita
690 1691 769 1772 apud
790 1689 1015 1771 Antimachum,
1045 1701 1128 1774 puto,
1158 1692 1360 1774 Amphiaraus
1426 1753 1427 1774 ,

269 1791 409 1871 Argivis,
438 1797 600 1868 antequam
622 1799 726 1855 contra
749 1792 868 1856 Thebas
894 1794 1129 1870 contenderunt,
1159 1804 1191 1859 et
1217 1813 1305 1858 soum
1329 1805 1362 1858 et
1426 1785 1427 1796 ’

270 1900 440 1955 ceterorum
469 1894 620 1956 interitum
655 1896 832 1958 vaticinatus
861 1904 922 1973 cst;
957 1897 1011 1960 sed
1041 1906 1072 1960 ut
1102 1898 1254 1961 idmonem
1289 1899 1360 1964 idas

269 1993 434 2057 maledictis
456 1997 666 2078 prosequitur,
690 2001 744 2077 sic,
768 2000 798 2062 id
820 2001 901 2080 quod
922 2002 1068 2066 exstruo
1091 2003 1262 2064 coniectura
1286 2004 1358 2064 coi-

269 2095 402 2176 ligimus,
426 2098 637 2181 Amphiaraum
659 2099 747 2164 ferox
770 2102 927 2184 increpitat
950 2102 1115 2185 Capaneus.

654 2361 815 2472 X‘thv.
860 2427 905 2492 (o.
924 2427 982 2493 23.)
1106 2475 1109 2482 ,

355 2608 453 2672 Schol
468 2609 550 2672 Pind.
568 2612 614 2675 01.
633 2611 682 2689 Vl,
696 2613 746 2677 21.
785 2623 815 2679 T
816 2638 881 2692 ους
901 2611 978 2681 dd⁰
962 2637 1104 2694 ιπποις
1126 2640 1242 2680 cocco
1230 2617 1356 2692 (Affl-

162 2783 165 2794 .
257 2707 399 2798 ‚Phffll’fflJ
430 2709 545 2798 φησὶν
572 2703 795 2798 Αντίμαχος
831 2707 985 2784 εἶναι
963 2711 1214 2812 contundendo,
1249 2717 1284 2784 οἱ
1314 2720 1359 2785 δὲ
1427 2723 1428 2774 t

270 2804 555 2891 oeccdtcvffl
535 2807 705 2900 ονὸματα
727 2819 768 2884 δὲ
790 2811 910 2886 cosmo
933 2812 1037 2898 Θόας
1063 2821 1126 2887 καὶ
1147 2820 1250 2898 Δίας
1274 2813 1360 2887 ὅδὲ

266 2904 419 3000 ἡνίοχος
459 2908 574 2984 αυτοῦ
606 2913 738 2987 Βάτων
779 2915 1007 2988 ἐκαλεῖτο
984 2949 1005 3010 η
1033 2923 1232 3005 §pointing
1265 2925 1356 2999 (sort.

267 3013 444 3098 Σχοίνιχος)
466 3017 737 3107 συγκαταποθεὶς
742 3016 838 3110 adep.
855 3063 889 3076 -
925 3017 1020 3104 Θόας
1045 3035 1076 3090 et
1101 3024 1185 3101 Δίας
1207 3045 1357 3107 equorum

268 3122 387 3183 nomina
410 3131 479 3186 sunt
507 3124 642 3190 derivata
671 3145 688 3190 a
717 3117 799 3203 θοός
824 3138 855 3193 et
884 3127 1001 3212 δέομαι.
1045 3130 1079 3191 ln'
1104 3146 1182 3190 voce
1211 3119 1356 3195 ἀσυστά-

266 3240 342 3297 τους
363 3232 489 3306 propter
511 3245 643 3309 sequens
666 3221 848 3306 Θεσσᾶλους
870 3249 978 3293 nomen
992 3230 1146 3311 proprium
1168 3229 1263 3293 latere
1279 3249 1355 3294 sus-

266 3323 360 3405 picor.
406 3329 525 3407 Statius,
550 3333 600 3411 qui
622 3332 720 3394 multis
742 3333 773 3392 in
794 3333 885 3396 rebus
913 3332 1119 3395 Antimachum
1147 3341 1268 3396 secutus
1292 3345 1354 3413 est,

266 3428 297 3488 in
321 3427 414 3492 Theb.
438 3430 488 3508 lv,
506 3429 578 3494 atr.
602 3440 632 3493 et
649 3432 699 3509 vt,
723 3432 795 3494 326.
818 3432 992 3515 Amphiarai
1011 3452 1107 3514 equos
1130 3432 1239 3499 furtive
1261 3437 1355 3500 tradit

267 3549 282 3592 a
307 3529 437 3613 Cydam,
462 3529 595 3593 Castoris
619 3551 708 3611 equo,
733 3534 856 3598 eductos
877 3553 957 3615 esse,
980 3536 1072 3616 „dum
1090 3539 1223 3622 Scythici
1245 3538 1354 3602 diver-

235 3691 237 3700 ,
266 3650 317 3696 sus
340 3633 377 3693 ad
403 3629 499 3692 hostia
523 3633 606 3712 ponti
630 3631 737 3696 Castor
758 3637 938 3720 Amyclaeas
971 3658 1056 3702 remo
1083 3647 1231 3722 permutat
1252 3641 1353 3704 hahe-

266 3735 340 3794 nas.‘
344 3731 476 3812 ‘itaquo
488 3751 542 3814 pro
555 3739 615 3798 A
595 3735 1017 3806 ‘'YZTATOYVscrrhrmus
1027 3745 1351 3808 ΑΜῩΚΛΑΙΟΥΣ.

267 3831 340 3895 Cum
362 3835 406 3894 eis
414 3837 496 3914 ,qui
518 3835 680 3900 ‘i'ircssalos
702 3841 771 3903 illos
794 3861 890 3924 equos
912 3845 1033 3923 dicunt,
1064 3849 1202 3927 congruit
1221 3847 1350 3928 Eupho-

264 3935 341 4010 rion,
363 3925 550 4016 Ἀσβιινιιους
572 3957 625 4004 cos
648 3960 831 4024 nuncupans
866 3947 967 4030 Steph.
990 3946 1063 4030 Byz
1087 3966 1154 4010 s..v
1168 3937 1348 4030 Ἀσβώτιος.

264 4035 409 4110 (Meinek.
433 4037 564 4118 Euphor.
588 4041 623 4105 ir.
648 4039 724 4118 19..)
760 4047 835 4110 Vide
859 4051 947 4112 etiam
962 4051 1074 4132 Unger
1088 4049 1234 4114 Paradox.
1251 4051 1347 4114 Theb.

264 4129 285 4198 1
305 4155 334 4219 p.
359 4137 432 4217 413,
457 4142 557 4222 quip.
582 4144 654 4208 475
678 4145 773 4211 addit:
808 4149 964 4228 „Nunc
946 4172 983 4216 oo
1012 4154 1134 4214 inclinat
1156 4153 1286 4230 animus,
1317 4163 1349 4215 ut
