2936 4908
128 589 170 652 ab
193 589 344 652 bominum
366 587 551 672 deorumque
573 589 717 672 adspectu
742 591 883 665 remotis3
912 607 1005 672 quare
1035 593 1065 654 in
1087 591 1214 673 spelun-

129 693 176 754 cis
200 690 273 756 luno
297 692 469 772 similesque
491 691 566 756 deae
589 713 606 756 a
629 692 700 757 love
723 693 916 758 absconditae
938 694 1124 758 tenebantur.
1165 695 1215 759 Sic

128 795 309 858 Plutarchus
344 794 422 876 apud
452 789 561 859 liraseb.
595 798 630 858 V.
660 794 767 877 fragm.
785 797 829 872 a,
856 795 899 858 3.·
921 795 1100 861 Boeotorum
1127 797 1215 860 uadit

129 897 279 974 inbutam,
303 897 404 962 lovem
426 917 492 962 cnm
514 897 626 962 lunone
650 898 768 980 virgine
791 918 831 962 ex
848 897 970 962 Euboea
993 899 1067 962 olam
1088 899 1215 962 abducta

131 1002 164 1062 in
188 998 376 1064 Cithaeronis
398 1001 541 1081 spelunca
564 1001 707 1064 adiutrice
729 1001 842 1064 Latona
868 999 986 1084 Mycbia
1014 1001 1216 1064 clandestinos

133 1105 312 1166 exercrrissc
343 1122 470 1166 amores.
515 1106 579 1177 Qua
613 1123 679 1168 cum
711 1104 807 1168 fabula
839 1105 919 1168 lovis
949 1113 980 1166 ct
1015 1104 1156 1185 Europae
1186 1106 1217 1166 in

132 1205 332 1268 Teumessum
354 1205 497 1267 seductae
520 1223 637 1268 amores
659 1215 837 1293 congruunt.
851 1243 885 1254 -
913 1206 999 1281 Quod
1022 1215 1120 1268 autern
1142 1223 1217 1268 vcro

130 1323 219 1370 noro
241 1307 374 1388 luppiter
396 1300 521 1371 ctlnno
548 1309 615 1370 sinc
639 1305 761 1372 Caelum
783 1317 814 1372 et
838 1310 931 1372 'lorra
952 1310 1063 1390 nuptiis
1090 1309 1218 1371 coniun-

133 1408 301 1491 genantur,
331 1411 424 1472 llores
446 1411 532 1472 verni
554 1411 684 1474 inlecto
706 1413 817 1493 geniali
839 1412 1038 1476 nascebantur
1060 1419 1091 1474 et
1113 1429 1217 1473 aman-

135 1519 185 1574 tes
216 1511 485 1574 circumdederunt.
512 1516 597 1587 .Quo
626 1521 762 1595 spectant
787 1514 873 1578 Hom.
901 1514 932 1576 ll.
961 1513 1039 1590 xlv,
1066 1511 1129 1574 3t6
1151 1529 1218 1594 sqq.

131 1614 255 1678 Petron.
281 1613 351 1678 127.
385 1613 488 1678 Calon.
512 1616 574 1677 Dir.
600 1615 662 1678 166
674 1633 739 1696 sqq.
785 1618 869 1690 Quae
888 1617 1039 1696 qnnm'ita
1056 1616 1216 1694 sintita·

134 1717 293 1780 timoobum
323 1724 413 1799 puto,
451 1718 501 1797 qui
530 1718 654 1781 testibus
686 1719 850 1796 Aristotele
886 1727 916 1782 et
950 1718 1097 1783 Strabone
1126 1718 1156 1781 lt.
1182 1718 1215 1780 b.

134 1820 331 1884 Tecmessam
363 1812 418 1886 διὰ
451 1819 574 1886 πολλῶν
605 1817 689 1885 ἐπῶν
722 1815 781 1897 τὰς
808 1815 852 1906 μή
883 1812 1060 1907 προςοὺσας
1099 1810 1217 1907 ἄροτος

135 1913 415 2010 διαριθμούμενος,
445 1931 477 1986 ut
503 1925 543 1986 ait
571 1925 690 2002 Strabo,
721 1915 905 2010 ἐκόσμησεν,
937 1924 1058 1988 iloribus
1089 1922 1217 1986 diversis

135 2025 307 2089 distinctum
346 2034 377 2090 et
407 2033 543 2090 ornatum
575 2029 713 2106 linxisse,
746 2029 908 2114 praecipue
942 2045 1031 2106 quum
1066 2028 1154 2089 etiam
1187 2027 1218 2088 in

135 2129 247 2210 hymno
269 2130 430 2193 llomerico
452 2128 618 2217 iepamoc'rpg
639 2132 819 2195 Teumessus
842 2137 1036 2211 nuncupetur.
1082 2128 1217 2194 Accedi-

135 2250 203 2295 mus
226 2235 284 2296 iam
306 2232 343 2295 ad
366 2233 599 2316 fragmentorum
621 2235 722 2296 verba.

224 2385 271 2450 Fr.
296 2387 330 2452 ll.
355 2380 442 2454 ’Ἐστι
462 2413 511 2464 τις
533 2378 800 2474 ἠνεμὸεις.ὀ1ν’μος
822 2380 921 2476 λόφος
950 2396 997 2450 est
1021 2363 1134 2448 initium
1157 2383 1215 2448 de-

137 2491 308 2572 scriptionis
323 2487 492 2568 Teumessi;
515 2492 649 2554 similiter
661 2491 692 2553 ll.
711 2491 747 2569 lt,
770 2491 843 2554 811.
862 2500 892 2553 et
909 2491 993 2552 Hom.
1010 2490 1117 2572 Hymn.
1137 2491 1173 2567 V,
1186 2487 1216 2550 8.

136 2593 284 2656 Formulis
311 2586 378 2660 ἔστι
398 2618 460 2672 τις,
496 2583 563 2658 ἔστι
584 2592 620 2658 δέ
637 2615 699 2674 τις,
729 2583 765 2679 ἦν
787 2590 823 2657 δὲ
844 2616 906 2672 τις,
935 2581 971 2678 ἦν
996 2583 1107 2680 χρόνος
1129 2583 1219 2677 ἡνίκα

137 2705 303 2778 praeeunte
329 2697 460 2760 Homero
496 2706 604 2780 poetae
639 2697 753 2759 heroici
780 2696 1029 2777 frequentissimis
1061 2697 1107 2756 usi
1138 2703 1218 2772 sunt,
1336 2731 1340 2740 ·

139 2802 208 2881 quia
232 2819 307 2862 voce
331 2801 482 2862 indefinita
511 2801 644 2882 incipere
675 2809 721 2862 cst
751 2799 946 2880 simplicitatis
971 2799 1102 2878 poemati
1132 2799 1220 2877 cplco

139 2911 237 2984 aptae.
279 2903 440 2984 Exempla,
469 2923 545 2984 quae
568 2904 665 2965 multis
688 2904 753 2965 aliis
781 2909 908 2984 possunt
934 2901 1055 2981 augeri,
1086 2915 1221 2980 conges-

139 3015 242 3068 serunt
269 3005 401 3068 Naekius
424 2987 562 3082 (Gallim.
592 3005 703 3068 Hecale
732 3007 762 3068 in
787 3004 938 3069 Welokeri
961 3012 992 3066 et
1013 3003 1119 3065 Naekii
1141 3001 1218 3065 blus.

138 3107 315 3172 libem-ill.
348 3130 377 3191 p.
413 3109 503 3182 513.)
537 3117 567 3171 et
595 3108 763 3172 Lobeoklus
803 3108 970 3189 (Aglaopln.
1003 3107 1024 3168 l.
1053 3127 1082 3189 p.
1115 3105 1218 3180 216.)

138 3203 255 3296 Ὀλίγος
275 3212 324 3274 bio
347 3215 461 3295 pariter
489 3221 576 3292 atque
606 3213 638 3274 lt.
668 3199 707 3290 X,⁴
737 3203 890 3274 llb'ob'ca
916 3199 983 3294 μέν’
1005 3199 1072 3273 οὔτ’
1099 3199 1217 3293 ὀλίγον,

140 3315 194 3380 Od.
223 3315 293 3393 XII,
322 3315 394 3378 252.
423 3313 535 3378 Gallim.
564 3313 635 3376 Lav.
663 3314 733 3376 Pall.
762 3313 814 3374 91.
843 3313 969 3375 carndem
998 3331 1084 3392 quam
1110 3303 1220 3398 μικρός

139 3418 228 3480 babet
249 3419 410 3481 notionein.
443 3419 492 3482 Sic
513 3409 631 3492 crotilde
644 3436 699 3499 pro
721 3413 818 3500 μέγας
840 3415 872 3477 ll.
887 3416 949 3493 Vll,
975 3414 1046 3478 156.
1078 3415 1133 3478 Od.
1149 3413 1215 3488 XX,

140 3522 211 3588 259.
234 3511 350 3605 'ottyog
372 3522 423 3582 illo
447 3505 597 3584 intellectu
612 3521 731 3602 saepius
745 3519 823 3601 apud
846 3528 950 3602 poetas
966 3519 1103 3598 reperies
1126 3534 1218 3596 prae-

141 3633 186 3686 ler
208 3623 334 3687 Atticos.
370 3625 445 3687 Vide
467 3624 609 3688 Valcken.
633 3619 670 3686 ad
697 3621 810 3685 Gallim.
834 3622 884 3684 irr.
909 3640 937 3702 p.
962 3620 1033 3682 255.
1058 3617 1094 3678 ad
1117 3615 1218 3697 Eurip.

140 3728 258 3810 llippol.
281 3749 310 3810 p.
333 3727 411 3804 226,
434 3747 470 3790 ο.
486 3732 532 3810 (p.
552 3725 624 3789 221.
648 3725 694 3787 ed.
718 3725 829 3808 Lips.).

140 3929 143 3936 .
225 3883 274 3944 Fr.
297 3881 345 3944 lll.
369 3901 397 3943 v.
423 3881 450 3943 l.
480 3882 636 3962 relativum
663 3897 843 3962 pronomen,
874 3875 953 3956 quod
982 3872 1113 3936 editores
1144 3889 1218 3954 pom

143 3987 243 4066 perain
272 3985 302 4046 in
330 3975 374 4059 ὠς
401 3991 601 4061 mutaverant,
637 3992 762 4066 propter
794 3980 918 4043 verbmn
932 4021 936 4028 -
949 3977 1061 4040 finitum
1087 3965 1217 4042 ἀνάσσει

143 4088 343 4150 necessarium
365 4092 427 4161 ost;
448 4084 503 4148 scd
525 4086 611 4149 deest
633 4105 691 4148 una
719 4080 832 4165 syllaba
859 4080 896 4142 ad
922 4097 1029 4144 versus
1058 4081 1216 4160 integrita-

144 4197 211 4271 tem.
257 4191 351 4265 Quam
374 4187 412 4252 ob
434 4207 498 4252 rem
521 4187 672 4252 lacobsius
694 4184 851 4268 (Appond.
872 4183 1063 4267 solomon.
1085 4181 1214 4246 advers.
