2898 4868
275 591 396 673 longam
419 592 595 676 siguificare
618 601 736 660 vestem
758 591 808 656 vel
830 601 888 656 ex
885 587 1099 669 Xenophontis
1122 589 1224 653 verbis
1250 590 1380 666 (duab.

275 691 337 770 vti,
360 689 391 770 t,
414 693 464 768 t.)
487 694 641 759 videmus.
670 692 723 759 καὶ
748 683 855 784 ζιιράς
879 687 972 778 μειρὶ
996 687 1059 754 τῶν
1088 689 1194 754 ποδῶν
1221 686 1379 756 ἐπὶτῶν

273 790 381 859 inrum
403 789 539 876 ἔχουσιν,
566 787 637 862 άλλ
663 815 700 860 ου
691 777 896 878 ’χλαμύδας,
920 809 1010 874 quem
1030 791 1132 855 locam
1153 792 1202 857 Et
1219 790 1267 857 Μ.
1292 794 1374 872 dii),

272 895 325 962 20.
349 895 446 962 affert.
470 895 508 959 cf
530 899 662 982 Hesych.
684 917 713 962 v.
736 885 883 985 ζειρατῆς
906 903 936 958 et
956 892 1056 980 ζεέρη.
1100 895 1139 958 Et
1160 905 1220 958 res
1235 904 1269 986 et
1292 915 1376 960 ver·
1404 897 1405 984 λ

271 1000 343 1062 bum
368 1007 414 1064 est
435 999 611 1076 barbarum
624 1002 735 1084 itaque
757 997 942 1082 grammatici
965 999 1035 1078 quid
1052 1007 1135 1062 esset
1156 999 1257 1086 igntn'
1282 999 1374 1061 varic
1404 1007 1405 1070 t

273 1097 364 1163 modo
387 1100 561 1164 derivarunt
582 1109 613 1165 et
636 1100 903 1184 explicammtr
864 1099 943 1164 Vrde
964 1099 1013 1163 Et.
1028 1100 1069 1164 Μ.
1090 1099 1112 1164 Ι.
1129 1099 1151 1163 t.

269 1535 273 1542 ¹
359 1459 491 1542 Hesych.
512 1450 673 1540 σδστενον,
695 1458 989 1547 στονοχωρημδνον·
1013 1457 1183 1546 τρίχινος
1204 1452 1369 1546 χίτολνῆ
1406 1510 1407 1560 t

268 1552 467 1650 ῥυπαρός
482 1551 708 1644 Ἀντίμαχος.
752 1564 856 1632 Priora
872 1562 967 1626 rerba
988 1552 1145 1646 cristatos,
1167 1582 1407 1650 στενοχωρη-ι

272 1661 364 1744 μένου
394 1663 579 1744 seiungenda
613 1673 682 1726 suut
713 1684 732 1727 a
760 1664 971 1746 sequentibus,
1002 1664 1107 1744 quibus
1135 1665 1241 1746 glossa
1268 1666 1362 1728 Anti-

275 1767 414 1844 mamea,
453 1759 656 1830 litteris
593 1785 654 1830 ccc
694 1767 855 1850 incipiens,
900 1768 1072 1848 praeposite
1107 1767 1200 1830 fuisse
1232 1767 1363 1832 videtur.

209 1913 211 1919 -
275 1868 436 1935 Scribimus
448 1869 555 1949 igitur·
577 1859 739 1948 Σδστενυν,
756 1863 1049 1957 ἑστιοοχονρημένον.
1061 1899 1096 1911 -
1121 1873 1245 1934 Συσ..
1255 1859 1362 1956 .τρδ-
1407 1895 1408 1902 ¹

271 1990 380 2050 χινος
400 1960 557 2056 χιτιδνῆ
584 1963 766 2088 ῥυπαρός.
794 1963 938 2037 Ἀνα-
971 1972 1019 2036 Et.
1047 1971 1089 2088 Μ.
1117 1969 1254 2059 τρίχινον
1283 1977 1362 2048 (scr.

270 2062 433 2158 τράχινον)Ι
456 2064 544 2159 παρά
565 2065 603 2138 τὸ
625 2065 742 2176 τράχον,
764 2065 802 2138 w*
824 2071 1007 2152 καταπονῶ,
1029 2065 1067 2137 τὸ
1088 2073 1286 2180 καταπονοῦν
1310 2072 1362 2140 καλ
1408 2120 1409 2146 r

275 2164 405 2259 άλχῦνοιν
425 2166 463 2238 τά
485 2172 543 2255 σιῦμ
544 2198 585 2239 ια.
1408 2167 1409 2196 ³

601 1288 715 1354 xclv.
758 1291 834 1358 (sm.
851 1303 899 1357 aa.¹
913 1303 943 1355 u
963 1301 1037 1370 ιοο.)

603 2343 701 2446 XCV.
746 2360 1024 2449 (comedumt.)

359 2482 490 2564 Hesycm
518 2474 674 2570 χηρήϊον
704 2471 817 2562 οἶκον,
845 2473 947 2570 παρά
975 2473 1188 2568 Ἀντιμάχῳ,
1220 2475 1286 2548 τδν
1317 2476 1357 2548 ά-
1409 2471 1410 2476 ¹

273 2603 419 2650 τακτον.

602 2771 719 2851 XCVI.
764 2751 840 2855 (ιιι.Ι
855 2777 897 2841 οι.
916 2787 947 2840 ο.
964 2787 1048 2852 9ο).

477 2901 634 2993 μεμυζὸτε
655 2906 802 2990 μυδαλέα
823 2931 868 2974 τε.

359 3045 492 3111 ausum
515 3048 552 3110 au
575 3045 632 3111 οι.
659 3046 790 3133 Χοιρ.
817 3045 890 3126 523,
913 3047 965 3112 ιο.
1000 3039 1069 3110 aas.
1095 3037 1221 3130 μιζω·
1243 3044 1284 3128 ἐξ
1311 3035 1356 3112 οὗ

232 3217 236 3224 ,
271 3139 314 3210 vd
335 3140 524 3229 μεμυζότε
544 3147 717 3231 μυδαλέω
738 3171 792 3233 τε,
814 3141 917 3236 παρά
938 3138 1147 3233 Ἀντιμάχῳ.
1178 3151 1295 3213 Dictum
1315 3151 1355 3213 de

271 3249 439 3310 hominihus
469 3252 712 3332 permadefactis,
739 3244 868 3314 fortasse
892 3251 929 3312 de
958 3250 1062 3332 Tydeo
1092 3260 1123 3314 et
1150 3253 1294 3334 Polynice
1316 3253 1356 3315 ad

270 3351 394 3414 Adrasti
415 3351 534 3414 domum
556 3354 756 3417 venientibus.
787 3353 825 3417 cf.
847 3355 919 3418 Stat.
944 3353 967 3430 Ι,
990 3352 1053 3416 387
1078 3371 1145 3434 sqq.
1186 3357 1273 3443 'Voce
1295 3379 1355 3436 μυ-

268 3449 383 3530 cattos
416 3451 564 3518 Homerus
600 3464 630 3518 et
660 3455 810 3517 Hesiodus
843 3455 937 3535 vulgo
968 3463 1089 3518 utuntur
1119 3456 1157 3519 de
1184 3458 1355 3522 homiuibus

269 3539 398 3621 lacrimis
421 3558 471 3621 vel
486 3558 632 3640 sanguiue
654 3556 853 3633 madentibus3
876 3557 909 3620 Μ.
927 3556 979 3637 XI,
1002 3559 1053 3624 54.
1087 3559 1160 3622 fles.
1181 3560 1263 3622 Scut.
1278 3560 1355 3626 270.

268 3657 309 3722 ci.
330 3659 462 3743 Hesych.
484 3681 515 3724 ν.
535 3656 691 3744 μυδαλέον
706 3707 713 3722 .
726 3656 850 3745 δι’ϋχρον
873 3659 936 3732 (sic
958 3677 1016 3724 scr.
1032 3678 1088 3742 pro
1105 3651 1258 3747 δρύϊνον.)
1281 3655 1355 3729 διά-

267 3763 391 3848 βροχον,
413 3756 452 3828 τδ
474 3760 628 3851 ε’ντλδακρυ
648 3760 702 3826 καὶ
722 3753 882 3848 κάθυγρον
904 3756 1053 3844 αἳματος,
1080 3753 1219 3849 νὸτερον,
1248 3763 1355 3852 δοντα

266 3855 332 3948 ρδν.
376 3857 502 3944 Μδζειν
537 3875 634 3932 autem
668 3866 811 3928 cohaeret
846 3883 912 3927 cum
945 3883 1023 3928 voce
1053 3855 1181 3948 μινδάυν,
1217 3867 1355 3950 flesyou

266 3957 450 4048 μεμυδότες,
476 3965 615 4056 dicarem
643 3971 743 4049 itaque
770 3967 956 4048 participium
986 3967 1114 4032 additum
1142 3968 1235 4044 idem,
1269 3971 1354 4048 quod

265 4064 412 4146 μυδαλέοι
433 4071 604 4151 siguificare
632 4078 713 4152 puto.
753 4067 828 4132 Vide
853 4069 987 4134 Lobeck.
1013 4069 1051 4132 ad
1074 4070 1187 4134 ,Βοιιιιι
1216 4069 1352 4138 Gratum.

264 4177 368 4248 graec.
391 4172 478 4251 uurpl.
501 4173 536 4236 Μ.
559 4192 589 4252 p.
612 4172 673 4240 31„
1032 4208 1035 4219 ‹
