2936 4908
258 581 340 644 vehit
362 583 580 665 suspicionem,
603 585 743 651 nonnulla
772 595 889 661 umen,
920 599 996 662 quae
1021 581 1158 646 veritatis
1183 583 1353 646 auctorita-

258 690 317 746 tem
340 689 477 766 teneant,
501 689 530 750 in
554 707 590 752 ea
615 691 711 754 latare
733 696 861 771 oportet.
908 687 1008 760 Quare
1030 691 1154 766 praeter
1175 690 1277 748 cetera
1301 703 1354 762 aa,

259 801 336 866 quae
357 787 394 850 de
417 788 594 855 Antimacho
621 790 798 873 Colophone
828 789 959 870 degente
986 785 1065 850 diota
1096 794 1181 865 sunt,
1211 788 1242 849 in
1272 788 1355 851 lictis

260 889 372 952 habere
394 909 455 954 non
477 889 558 958 licet.
602 894 649 956 Ex
670 894 795 974 reliquis
824 893 883 954 hoc
910 897 1024 952 eertum
1047 897 1110 967 est,
1140 887 1354 960 Antimachum

259 991 288 1053 in
311 1009 413 1056 amore
435 994 576 1060 habuisse
599 995 705 1079 Lyden
733 993 895 1076 quandam,
929 1011 1015 1072 quam
1040 999 1197 1055 mortuam·
1216 994 1354 1055 carmine

259 1093 414 1176 elegiaco,
448 1097 550 1178 Lydes
580 1099 701 1162 nomine
737 1098 900 1178 inscripto,
933 1094 1094 1157 celebrarit
1105 1093 1142 1168 ⁸).
1196 1095 1281 1170 Quae
1314 1111 1354 1158 aa

177 1225 183 1232 ·
258 1195 349 1260 luerit
370 1197 456 1279 Lyde
482 1217 543 1262 non
573 1207 699 1266 constat.
743 1197 941 1266 Verisimilius
957 1205 1004 1260 est
1020 1198 1144 1260 amicam
1165 1215 1232 1260 eam
1253 1196 1354 1260 luisse

258 1299 444 1376 Antimachi;
472 1301 686 1369 Plutarchus&
713 1302 862 1383 religione
884 1299 1011 1379 quadam
1031 1308 1196 1363 commotus
1217 1297 1352 1378 videtur,

257 1409 290 1464 ut
311 1421 438 1466 uxorem
453 1421 519 1468 cam
533 1413 643 1488 poetae
662 1405 801 1487 lingeret.
838 1403 1113 1466 llermesianactem
1129 1409 1228 1465 autem
1243 1401 1351 1484 Lydae

257 1506 377 1586 puellae
411 1523 521 1570 nomen
551 1508 683 1586 induxit,
718 1516 752 1569 ut
782 1523 891 1568 nomen
928 1502 965 1565 ad
1003 1509 1125 1585 gentem
1161 1503 1352 1568 transferens

261 1607 385 1688 Lydiam
409 1609 475 1671 eius
496 1612 623 1689 patriam
645 1608 769 1672 diceret.
813 1608 960 1670 Firmatur
986 1623 1023 1669 aa
1046 1607 1132 1670 nobis
1160 1608 1262 1688 opinio
1288 1626 1350 1688 pa-

159 1729 167 1750 ’
260 1713 428 1792 tronymicc
450 1711 554 1792 Lydae
576 1711 676 1775 addito
691 1706 856 1796 macetum
877 1709 928 1778 vel
948 1711 1047 1790 potius
1069 1707 1243 1794 Acastum,
1266 1709 1349 1792 quod

260 1820 292 1874 ot
313 1814 410 1894 ipsum
440 1815 478 1876 ab
510 1814 755 1878 Hermesianacte
784 1813 942 1876 confictum
962 1817 1026 1875 est.
1071 1815 1201 1890 Quare
1231 1799 1351 1894 sumpta

259 1915 361 1980 Sardis
379 1916 601 1980 Antimachum
630 1916 801 1998 proiectum
835 1933 905 1978 esse
935 1915 1036 1978 statuit
1059 1923 1166 1995 poeta,
1200 1923 1230 1978 et
1257 1934 1349 1996 quum

257 2017 288 2078 in
310 2028 450 2099 poemate
477 2019 528 2083 illo
557 2022 694 2103 elegiaco
721 2020 759 2082 de
786 2016 890 2100 Lydae
919 2024 1015 2080 morte
1044 2018 1238 2081 Antimachus
1269 2037 1349 2080 con-

260 2129 383 2200 questus
407 2130 504 2201 esset,
535 2122 742 2206 Colophonem
758 2125 833 2184 'eum
854 2120 1014 2197 reducem,
1045 2129 1078 2183 ut
1107 2120 1242 2184 dolorem
1264 2121 1348 2184 miti-

257 2231 359 2304 garet,
389 2225 495 2307 Lyden
517 2244 640 2288 carmen
663 2225 869 2305 composuisse
891 2223 994 2286 voluit.
1041 2221 1096 2286 Cui
1118 2223 1236 2286 fabulae
1259 2240 1349 2287 com-

257 2328 426 2390 menticiae‘
453 2329 639 2410 posteriores
671 2325 760 2392 iidem
797 2327 991 2404 addiderunt3
1033 2341 1120 2408 quam
1150 2328 1189 2388 ob
1226 2343 1349 2389 oausam

255 2431 456 2512 Asclepiades
465 2433 510 2506 110)
533 2431 640 2514 Lyden
661 2429 732 2494 facit
754 2429 792 2494 de
815 2447 849 2494 se
877 2429 1041 2494 dicentem:
1064 2418 1161 2514 Λύδη
1185 2427 1239 2495 καὶ
1261 2424 1350 2512 γένος

257 2527 321 2614 εἰμὶ
345 2530 397 2596 καὶ
423 2525 551 2616 οὕνομα.
595 2533 847 2602 llermesianaotis
878 2541 976 2598 autem
1008 2531 1160 2596 audaciam
1193 2534 1350 2612 superavit

213 2685 220 2692 .
256 2633 439 2714 Clearchus,
471 2638 521 2717 qui
547 2638 578 2700 in
600 2637 730 2702 Erotiols
756 2637 819 2699 suis
844 2635 1053 2701 Antimachum
1078 2641 1109 2696 et
1138 2633 1346 2715 Lamynthium

258 2737 405 2801 Milesium
430 2738 555 2802 eundem
578 2740 684 2823 Lyden
712 2741 869 2802 barbaram
896 2737 1045 2799 amavisse
1070 2745 1254 2800 commentus
1286 2745 1344 2814 est,

258 2841 338 2922 quod
359 2849 485 2924 uterque
508 2862 616 2924 poema
643 2843 809 2924 composuit
830 2837 935 2921 Lyde
957 2837 1149 2920 inscriptum,
1178 2840 1254 2902 alter
1276 2839 1345 2902 ele-

256 2945 391 3025 giacum,
421 2945 498 3007 aller
521 2945 660 3008 melicum
672 2947 724 3018 ²¹).
780 2941 783 2947 ’

246 3047 252 3055 ’
343 3045 450 3112 Suidas
472 3046 647 3129 Panyasidis
671 3053 703 3109 et
726 3043 914 3111 Steshnbroti
927 3043 1114 3126 ,discipulum
1136 3043 1347 3108 Antimachum

255 3149 386 3212 exhibet.
439 3147 499 3214 Sed
526 3150 555 3212 si
588 3157 725 3212 veterum
755 3147 882 3210 studium
916 3146 1151 3230 perpendimus,
1185 3163 1244 3228 quo
1278 3164 1345 3226 eos,

258 3267 383 3331 quorum
405 3250 437 3312 in
459 3251 601 3334 operibus
617 3260 647 3314 et
670 3250 775 3316 studiis
794 3247 1015 3347 similitudinem
1029 3250 1175 3332 mandam
1192 3250 1345 3328 videbant,

255 3352 377 3414 scholae
401 3353 452 3414 vel
482 3353 682 3433 cognationis
701 3354 752 3416 vel
776 3333 921 3416 similibus
950 3353 1078 3416 vinculis
1110 3336 1346 3434 emungebant,

255 3456 333 3517 illius
356 3454 402 3516 rei
434 3456 594 3518 auctoritas
621 3456 710 3519 valde
737 3457 916 3534 infirmatur,
943 3456 1123 3540 praesertim
1150 3473 1239 3536 quum
1267 3457 1346 3521 inter

258 3556 407 3651 Panyasin
430 3563 460 3620 et
481 3556 689 3625 Antimachum
716 3559 795 3622 haud
824 3577 950 3642 parvum
973 3557 1117 3638 temporis
1146 3559 1304 3639 spatium
1295 3578 1346 3620 m-

256 3640 400 3724 tercedat.
444 3661 588 3742 Panyasis
612 3662 690 3725 enim
712 3678 802 3743 quum
824 3663 903 3750 circa
921 3659 967 3724 01
991 3658 1033 3724 82
1052 3659 1228 3726 interfectus
1243 3661 1282 3724 sit
1291 3662 1345 3740 ¹²),

254 3818 523 3830 n—-u———n-

378 3889 441 3941 Vide
458 3897 523 3958 quae
541 3889 606 3942 inira
625 3891 657 3942 de
673 3891 744 3958 Lyde
763 3891 873 3943 carmine
891 3891 1015 3944 dicuntur.

375 3973 439 4026 Plut.
466 3974 567 4028 Consul.
587 3976 717 4044 adApcll.
738 3995 762 4045 p.
780 3975 837 4028 106.
866 3975 894 4027 B.
914 3963 997 4032 Verba
1013 3977 1077 4028 inira
1097 3975 1265 4044 attulimusp.
1286 3975 1328 4030 11.

309 3889 342 3954 8)

306 3973 339 4038 9)

306 4059 338 4124 0)
306 4058 450 4111 0Ascle
451 4061 563 4128 piades
557 4079 583 4113 ιιι
601 4062 703 4116 Anthol.
722 4062 800 4114 Palat.
823 4061 870 4127 lx,
900 4060 942 4114 63.
967 4062 1031 4114 Vide
1047 4063 1154 4130 iulrap.
1176 4061 1216 4113 10.

323 4127 338 4193 )
372 4078 467 4182 Athenp
488 4129 588 4199 xlllp
590 4132 674 4184 ..596
693 4131 722 4182 F.

307 4197 339 4262 2)
374 4197 437 4250 Vide
467 4149 595 4252 Eckstein.
625 4203 650 4252 in
682 4200 769 4252 Erech.
796 4208 821 4251 et
847 4198 951 4252 Gruber.
982 4199 1087 4267 Eueycl
1116 4215 1138 4252 a.
1164 4215 1190 4251 v.
1212 4199 1344 4266 Panyasis.

290 4060 303 4111 1

290 4127 320 4179 11

290 4197 302 4248 1
