2936 4908
705 411 743 480 7
784 377 872 462 ,ro
922 330 970 420 ⁴-

296 563 387 626 cceiai
409 563 528 637 uxoris,
557 570 756 639 memoratur,
784 561 821 623 ad
850 559 996 642 Meleagri
1023 570 1148 626 mortem
1171 563 1323 642 pertinere
1346 572 1379 626 et

295 667 324 728 in
347 665 459 727 initium
483 665 629 743 poematis
654 664 820 746 releganda
848 663 995 728 videntem.
1032 663 1080 727 Fr.
1100 664 1149 726 lX.
1181 654 1379 742 ἀσπασίως

293 763 333 831 τέ
356 784 436 852 σφω
461 756 547 850 ἆγεν
574 764 705 829 οἴκαδε
727 767 918 846 intelligimus
942 766 980 829 de
1001 767 1133 832 Adrasto
1150 767 1323 849 Polynicam
1345 775 1378 828 et

297 869 430 950 Tpdeurn
460 886 494 932 se
522 870 551 930 in
578 871 702 948 patriam
732 868 922 931 reducturum
951 868 1121 948 pollicente.
1173 869 1270 930 Etiam
1295 869 1376 932 Dic-

295 970 409 1046 medes,
431 972 482 1050 qui
502 972 532 1030 in
555 971 676 1034 secundi
696 977 806 1036 tantum
828 969 898 1032 belli
924 970 1057 1035 Thebani
1071 972 1260 1034 enarratione
1282 973 1380 1050 potuit

297 1074 442 1154 proponi,
475 1074 604 1134 occurrit
630 1075 659 1134 in
686 1072 722 1134 fr.
750 1072 878 1135 XLVlll.
923 1074 988 1146 Qua
1018 1057 1117 1134 autem
1144 1073 1261 1135 ratione
1288 1079 1378 1152 atque

296 1173 401 1238 ordine
424 1175 540 1255 singula
563 1177 652 1238 totius
676 1176 813 1238 carminis
846 1181 937 1254 poeta
954 1172 1150 1254 disposuerit,
1180 1175 1240 1238 hoc
1268 1173 1379 1238 lmstra

297 1293 485 1357 cognoscere
512 1276 654 1338 studebis.
706 1276 766 1341 Sed
789 1277 901 1340 initimn
933 1277 1078 1357 poematis
1107 1275 1256 1356 quomedo
1284 1277 1378 1341 ador-

296 1387 396 1442 natum
424 1377 530 1456 fuerit,
565 1381 636 1442 satis
668 1386 751 1442 certo
784 1379 871 1442 nobis
899 1379 1081 1442 constituere
1111 1395 1202 1458 posse
1231 1378 1376 1444 videmur.

296 1483 494 1562 Perspicimus
524 1483 602 1544 enim
629 1501 668 1544 ex
702 1481 877 1557 Athenaeo,
911 1478 1076 1560 fragmenta
1109 1479 1308 1546 XVI—XXI.
1338 1503 1378 1544 ex

297 1587 399 1662 ‹puinto
423 1583 582 1645 Thebaidis
601 1583 677 1644 libro
698 1585 822 1658 cibante,
845 1583 875 1644 in
899 1582 1002 1662 primis
1018 1589 1157 1661 quattuor
1171 1582 1255 1648 libris
1277 1603 1378 1665 expe-

296 1687 437 1748 ditionem
460 1693 562 1746 contra
596 1684 712 1746 Thebas
735 1684 866 1763 priorem
896 1683 1077 1763 descriptam
1103 1702 1164 1748 uon
1185 1673 1287 1750 sitisse.
1331 1687 1378 1750 De

297 1805 355 1867 quo
384 1788 462 1852 enim
493 1787 631 1849 convivio
662 1785 699 1849 ab
730 1784 861 1848 Adrasto
891 1784 1014 1868 regibus
1046 1785 1230 1866 Argivorum
1256 1789 1285 1852 in
1315 1791 1378 1854 suis

296 1890 391 1969 ipsius
413 1888 536 1952 aedibus
559 1895 663 1970 parato
683 1888 714 1950 in
739 1887 797 1952 illis
818 1885 993 1967 fragmentis
1016 1904 1116 1950 sermo
1138 1895 1199 1964 est,
1222 1888 1252 1954 id
1278 1910 1378 1971 expe-
1426 1959 1428 1966 ,

297 1990 436 2054 ditionem
469 1991 585 2054 illormn
614 1989 738 2054 heroum
773 1988 953 2052 antecedere
981 2007 1109 2054 necesse
1142 1998 1197 2052 est.
1243 1993 1376 2056 Priorem

297 2099 394 2160 autem
417 2100 520 2156 contra
553 2091 670 2156 Thebes
699 2091 917 2171 profectionem
943 2091 1166 2172 intelligendam
1195 2111 1264 2158 esse
1287 2094 1376 2160 facile

297 2193 498 2259 concludimus
529 2193 567 2258 de
580 2192 759 2282 ›Antimachi
789 2193 959 2272 prolixitate
987 2201 1017 2257 et
1040 2193 1212 2274 ambagibus
1241 2203 1377 2261 veterum

212 2287 214 2292 ’
296 2298 464 2362 testimonia
494 2295 653 2360 recordati.
704 2295 806 2382 ltaque
835 2296 865 2358 in
891 2295 993 2374 primis
1020 2297 1271 2374 quattucrlibris
1300 2318 1378 2378 quae

200 2456 210 2470 ,
297 2399 429 2479 lydcum
453 2407 483 2463 et
507 2399 677 2480 Polynicen
705 2396 868 2478 adingam
895 2397 1110 2460 commoverint
1136 2416 1186 2460 res
1214 2417 1378 2477 eorumque

297 2500 535 2565 antecedentium
559 2509 723 2579 temporum
739 2498 855 2564 fortuna
879 2507 908 2560 et
925 2499 1170 2578 praeparationes
1187 2500 1225 2562 ad
1245 2503 1378 2581 priorem

296 2601 518 2680 expeditionem
549 2601 731 2668 ·lbebanam
778 2599 895 2688 laetae*
918 2602 1073 2680 expositae
1115 2599 1261 2668 videntur.
1317 2604 1377 2664 Sed

296 2723 383 2784 quum
408 2701 643 2784 iaminlprimo
665 2703 740 2771 libro
765 2702 899 2782 Tydeum
927 2710 957 2764 et
982 2702 1153 2790 Polynicen
1181 2704 1225 2767 ab
1244 2704 1377 2769 Adrasto

296 2814 440 2887 exceptos
466 2823 535 2869 esse
558 2805 593 2869 lr.
611 2805 661 2872 ΙΧ.
685 2805 826 2878 declaret,
850 2804 1092 2884 insequentibus
1112 2814 1269 2886 utrumque
1292 2826 1393 2891 suam-

296 2906 440 2974 lortunam
464 2925 596 2986 suaeque
617 2907 730 2986 patriae
747 2903 952 2968 condicionem
968 2906 1099 2972 Adrasto
1117 2926 1275 2974 enarrasse
1298 2929 1377 2974 con-

294 3011 417 3073 jicimus.
1303 3067 1310 3077 ,

383 3110 562 3176 Accedimus
602 3109 638 3171 ad
674 3109 815 3191 Lyden,
862 3110 1031 3174 Antima'chi
1066 3129 1173 3192 poema
1208 3114 1376 3196 elegiacum

295 3213 372 3292 apiid
396 3223 515 3279 veteres
535 3212 774 3289 celeberrimum,
798 3211 836 3278 de
861 3231 919 3298 quo
938 3212 1137 3293 Asclepiades
1160 3217 1350 3296 scripsit²⁷):
1446 3239 1447 3254 ¹

1446 3117 1447 3154 l

380 3325 475 3417 Aldu,
497 3331 548 3397 καὶ
568 3331 654 3418 γένος
676 3329 740 3416 εἰμὶ
760 3331 813 3397 καὶ
835 3325 960 3414 οὕνομα·
982 3331 1045 3395 τῶν
1066 3323 1161 3397 δ’ἇπὸ
1184 3325 1311 3422 Κόδρου

424 3435 598 3524 Σεμνινῑέρη
623 3436 731 3502 πασῶν
757 3433 821 3518 εἰμὶ
842 3428 884 3500 dt'
905 3429 1098 3515 Ἀντίμαχον.

385 3537 440 3614 Τίς
463 3531 522 3624 γὰρ
547 3531 595 3620 i‘p'
617 3532 672 3602 οὐκ
695 3532 795 3625 decom
818 3537 867 3613 τίς
887 3529 943 3602 uin
968 3529 1136 3617 ἅνελέξατο
1158 3529 1287 3623 Λύδην,

427 3634 472 3705 Τό
495 3634 586 3722 ξυνόν
608 3644 748 3706 Μουσῶν
771 3632 898 3728 γράμμα
917 3636 970 3702 καὶ
998 3630 1198 3722 Ἀντιμάχου,·
1253 3715 1255 3723 J

294 3761 368 3822 Nam
391 3761 420 3822 id
447 3764 629 3847 epigramma
652 3779 711 3824 non
734 3765 763 3824 in
786 3761 888 3843 Lydae
910 3759 1043 3840 puellae,
1067 3763 1172 3825 sedin
1195 3764 1289 3844 ipsius
1314 3781 1377 3844 po-
1446 3763 1447 3830 i

247 3873 249 3878 ·
294 3864 352 3922 tius
383 3865 528 3948 poematis
560 3865 676 3927 laudem
706 3864 901 3943 compositum
931 3870 986 3924 est.
1032 3867 1214 3945 Quamquam
1243 3865 1377 3927 llcrme-
1446 3853 1447 3932 l

293 4089 382 4209 N¹hh
411 4091 511 4141 Anthol.
534 4092 611 4143 l'alat.
633 4092 679 4154 lx,
702 4089 744 4144 63.
779 4090 887 4141 lleineh.
912 4089 1008 4145 Delect.
1031 4094 1131 4145 hnibot
1159 4109 1243 4161 grace.
1267 4078 1376 4163 Asclep.

317 4173 335 4207 Γ,
384 4197 390 4208 ,
627 4181 634 4192 .
