2936 4908
141 1223 194 1328 P
197 1277 273 1326 auca
296 1260 335 1324 de
365 1260 534 1345 Antimachi
562 1262 623 1326 vita
657 1261 816 1342 anhqnitus
848 1261 955 1326 tradita
985 1263 1173 1344 accepimus,
1205 1269 1237 1327 et
1358 1301 1360 1306 ,

143 1380 184 1428 ea
204 1363 367 1426 mammam
389 1371 506 1444 partem
532 1381 638 1446 parum
667 1373 752 1440 certa
786 1363 1078 1445 dubitationibnsqne
1105 1365 1238 1428 obnoxia

143 1466 293 1547 plurimis.
336 1467 384 1530 De
406 1475 542 1548 tempore
564 1485 625 1548 quo
652 1469 762 1533 vixerit
788 1474 880 1549 poeta
903 1469 1047 1548 'princeps
1076 1468 1162 1530 locus
1191 1475 1238 1532 est

143 1569 224 1650 apud
245 1568 340 1634 Diod.
357 1570 416 1634 Sic.
440 1569 523 1648 xtll,
548 1569 619 1634 too.
664 1562 791 1657 Μικρὸν
817 1567 855 1636 δὲ
880 1569 939 1656 τῆς
960 1559 1085 1656 εἰρήνης
1105 1561 1237 1656 ὕστερον

146 1662 335 1758 ἐτοίοὺτηοε
367 1672 520 1760 Δαρεῖος,
560 1664 579 1738 ὁ
614 1671 672 1758 τῆς
706 1663 813 1748 Ἀσίας
844 1664 1013 1756 βασιλεῦς,
1047 1663 1146 1759 ἄρξας
1182 1669 1238 1757 ἔτη

149 1771 326 1840 δεκαεννέα·
347 1767 405 1861 τήν
421 1772 464 1846 nt
489 1767 655 1861 ἡγεμονίαν
676 1772 839 1856 διεδέξατο
865 1774 928 1842 τῶν
954 1771 1030 1840 υἱῶν
1058 1767 1236 1862 &apamio-

148 1899 245 1954 τατος
265 1869 486 1966 Ἀρταξέρξης,
514 1876 566 1946 καί
587 1869 680 1967 ἧρξεν
705 1875 760 1965 ἔτη
786 1875 860 1966 τρία
889 1872 972 1967 πρὸς
992 1879 1061 1970 τοῖς
1081 1870 1236 1968 τεσσαρά-

149 1997 254 2048 κοντα·
277 1972 406 2048 καθ’ὃν
428 1973 473 2069 δὴ
495 1972 636 2071 χρόνον
655 1980 719 2049 καί
739 1973 956 2064 Ἀντίμαχον
980 1973 1045 2046 τόν
1072 1975 1234 2069 ποιητήν

145 2073 439 2173 Ἀπολλόδωρος
460 2076 480 2149 ὁ
499 2076 717 2173 Ἀθηναῖός
733 2105 852 2173 φησιν
872 2077 1089 2171 palpabant.
1134 2085 1234 2168 Apol-

146 2186 275 2252 lodorus
296 2189 390 2270 igitur
410 2189 605 2253 Atheniensis
626 2191 658 2252 in
681 2187 897 2254 chronicorum
923 2205 1017 2270 opere
1042 2179 1129 2264 (ride
1151 2187 1238 2270 Hep-

148 2291 232 2354 ninm
253 2289 292 2353 ad
312 2291 453 2374 Apollod.
476 2291 529 2356 lm.
553 2312 583 2376 p.
608 2292 720 2367 1089.)
748 2294 829 2356 circa
851 2293 941 2354 finem
963 2291 1034 2354 dicit
1054 2291 1127 2352 belli
1146 2291 1238 2354 Pelo-

148 2395 342 2475 ponnesiaci,
363 2395 383 2458 i.
410 2414 438 2458 e.
463 2397 544 2461 cirea
563 2396 610 2460 01.
633 2395 676 2457 at
698 2393 906 2460 Antimachum
928 2394 1067 2458 floruisse
1083 2394 1120 2467 ²).
1174 2393 1238 2456 Ηοο
1286 2394 1293 2407 ‘
1358 2453 1362 2460 .

150 2513 189 2558 re
220 2498 355 2580 cognita,
389 2499 529 2580 quoniam
562 2499 642 2560 scire
679 2515 738 2578 qno
770 2505 908 2578 tempore
943 2497 1073 2577 scriptor
1105 2497 1239 2580 viguerit

153 2597 283 2681 primum
304 2609 361 2680 est,
383 2619 445 2664 non
466 2601 614 2665 valdecst
629 2599 799 2679 dolendum,
822 2599 901 2680 quod
911 2619 1010 2680 neque
1033 2607 1116 2662 ortus
1139 2619 1239 2680 neque

150 2703 258 2766 mortis
280 2712 379 2786 poetae
401 2713 518 2787 tempus
541 2703 730 2788 exploratum
751 2703 912 2777 habemns3
946 2709 977 2765 at
998 2702 1024 2764 si
1053 2703 1104 2764 illo
1127 2702 1237 2766 indicio

151 2803 259 2870 dachis
282 2824 392 2871 annum
412 2808 542 2872 natalem
570 2808 740 2872 Antimachi
767 2806 954 2889 investigare
978 2805 1070 2884 velis,
1094 2803 1239 2868 incideris

152 2927 222 2972 cum
253 2911 503 2995 Schellenhergio
535 2915 655 2976 circiter
687 2913 718 2975 in
748 2910 793 2976 ol.
826 2909 878 2974 83.
923 2911 973 2976 Sic
995 2907 1125 2971 Platonis
1147 2902 1238 2972 Anti-

150 3013 275 3078 machus
296 3016 329 3078 fit
350 3017 498 3098 aequalis,
521 3017 648 3096 sedita,
670 3023 704 3078 ut
724 3015 775 3078 ille
797 3015 916 3078 iuvenis
935 3020 1035 3092 esset,
1059 3031 1148 3094 quum
1170 3011 1239 3076 An·
1317 3059 1323 3072 .

151 3117 298 3182 timaohus
327 3120 387 3182 iam
416 3129 501 3192 esset
535 3129 634 3184 aetate
660 3119 845 3202 provectior.
894 3115 971 3184 Vide
1004 3117 1124 3183 Snidam
1157 3134 1183 3182 s.
1209 3136 1238 3178 v.

117 3217 121 3224 ’
153 3210 353 3304 Ἀντίμαχος,
377 3203 934 3346 puem'locunitotumappcsuimos:
963 3211 1148 3302 Ἀντίμαχος
1173 3223 1239 3284 Κο-
1331 3245 1336 3258 ’

156 3315 328 3410 λοφιίνιος,
358 3319 427 3403 υἱὸς
435 3315 625 3447 ιΥρτοίρχου,
653 3317 869 3413 χραμμοταὸς
889 3321 941 3390 καί
960 3315 1104 3410 ποιητίς.
1152 3318 1241 3397 Τινὲς

153 3421 194 3492 δὲ
218 3426 271 3495 καί
300 3425 421 3517 οἰκέτην
449 3421 545 3499 αυτόν
574 3421 756 3548 ἆνέρραψαν
779 3419 984 3548 Πανταοιδρς
1011 3424 1071 3492 τοῦ
1096 3419 1240 3510 ποιητοῦ,

151 3517 241 3596 πάνυ
265 3523 471 3619 perceperat:
510 3523 569 3600 Ἠν
601 3555 662 3621 χορ
693 3523 794 3600 αυτοῦ
827 3523 983 3618 ἀκουστὴς
1013 3526 1067 3594 καί
1102 3527 1240 3611 Στησιμ

150 3623 358 3720 βρότοολ
360 3633 465 3723 lyaee
498 3634 540 3704 ot
568 3629 643 3726 πρὸ
674 3626 889 3714 illaesione.
933 3638 1029 3712 Quem
1054 3631 1153 3695 locum
1178 3646 1239 3692 non

152 3737 223 3802 sine
242 3739 360 3804 mendis
382 3738 545 3825 exscripsit
563 3740 706 3806 Endooia.
750 3739 798 3804 llo
819 3740 942 3802 Platone
958 3734 1151 3798 adolescente
1173 3749 1240 3794 cum

210 3965 240 4032 1)
276 3971 351 4026 Libro
353 3945 629 4064 Ολυμπιαδων
606 3946 771 4059 αναγραφὴ
794 3967 926 4034 inscripto
958 3964 1000 4016 ubi
1027 3962 1058 4014 ad
1084 3961 1122 4016 01.
1148 3961 1191 4026 93,
1214 3963 1239 4016 l

156 4052 251 4123 legitur
274 4031 459 4141 Ἀντίμαχος
479 4034 780 4130 ποιρτὴςίίκμασεν,
803 4051 870 4104 natta
893 4052 941 4104 hoe
964 4050 1021 4104 Ιοοο
1040 4051 1238 4102 auctorisasset·

176 4138 236 4176 utrm
255 4127 410 4196 Sicnlgerurn
429 4131 515 4182 eiusn
501 4135 703 4179 mirtrssoctoere
721 4129 825 4175 cruentet
852 4117 928 4171 W.oll
938 4121 985 4190 Ep.
1004 4119 1035 4171 ad
1054 4119 1087 4169 Sc
1089 4115 1230 4168 hellene.»
1215 4131 1239 4180 p·

156 4141 218 4244 lat.
244 4193 352 4250 Glinton.
371 4197 439 4250 Fasti
457 4195 553 4249 italien.
572 4208 596 4262 p.
614 4193 690 4246 XXV.
709 4191 800 4256 ltrueg.

1182 4533 1186 4544 .

45 4729 47 4740 t

45 4743 76 4849 Ἢ.
148 4793 191 4894 Ε·
237 4798 289 4894 'fi'
448 4809 463 4822 -.
793 4777 798 4788 '
1049 4790 1060 4800 ¹·
1241 4791 1269 4812 a«
