2936 4908
687 355 1105 470 -ιι-’

278 578 724 673 οἱςκαλνῦνέντῷπαών·
753 577 1031 674 πηῶνγάρόστι,
1061 575 1080 649 ὅ
1108 563 1372 668 {comprensa

279 689 325 754 Gi.
348 690 383 753 ir.
406 693 440 754 V.
465 698 496 753 et
517 692 565 755 Vl.
604 688 806 778 Alcanore,
833 688 913 770 quod
939 690 970 751 io
990 687 1026 752 st.
1056 687 1123 752 xvt
1145 703 1212 766 sqq.
1238 686 1373 768 tegitur,
1406 687 1407 756 ζ

280 800 357 856 teste
379 793 536 856 Athenaeo
559 793 677 858 Silemus
700 801 730 856 et
745 791 912 856 Clitarchus
935 790 965 850 in
987 789 1103 854 Glossis
1119 787 1250 852 Clitoriis
1273 792 1372 854 attri-
1406 765 1407 854 λ

279 893 422 975 buerunt3
447 894 545 958 eidem
566 912 674 958 vocem
694 891 822 980 κελέβη,
851 912 939 974 quam
963 893 995 954 io
1021 888 1179 974 sospem
1200 891 1373 954 declinavit
1406 949 1407 952 ,

278 996 486 1073 Antimachus,
518 996 663 1060 aeolicum
693 1014 764 1060 esse
794 996 902 1060 dicunt.
947 993 1072 1058 Aeolica
1104 995 1193 1058 ctiam
1222 1011 1287 1058 vox
1322 1005 1371 1058 est

278 1089 396 1182 ληχραλς
430 1098 598 1173 (cxxix.)
631 1106 708 1161 teste
734 1099 783 1162 Et.
805 1099 843 1161 H.
887 1097 969 1171 Quas
996 1097 1119 1160 eosdem
1147 1113 1199 1160 res
1229 1115 1247 1158 a
1275 1098 1371 1160 nobis

278 1207 395 1262 notatos
418 1201 449 1262 io
469 1200 741 1264 Alexandrinorum
762 1200 940 1264 carminibus
963 1198 1051 1262 lacile
1073 1198 1309 1264 animaduertes.

365 1301 518 1366 Eiusmodi
545 1303 638 1366 verba
668 1303 888 1383 verborumque
918 1301 1142 1364 coniunctiones
1175 1303 1301 1366 multum
1334 1323 1370 1366 cc

278 1405 484 1482 contulerunt,
507 1399 539 1467 ut
559 1423 663 1470 senno
685 1405 902 1487 adipisceretur
924 1406 1109 1468 severiorem
1132 1403 1284 1484 modam
1312 1424 1369 1468 na·-

279 1514 389 1584 turom‚
411 1515 444 1569 ut
466 1508 521 1570 vis
543 1509 608 1570 eius
632 1516 663 1570 et
684 1509 852 1589 gravitas
875 1506 1046 1570 laudaretur
1067 1515 1097 1569 et
1119 1508 1264 1570 minimo
1289 1507 1368 1582 vul-¹

279 1625 370 1688 gare
400 1609 593 1689 eloquendi
623 1609 811 1689 genus³²)‚
843 1609 951 1688 quibus
974 1613 1095 1690 praeter
1117 1617 1239 1672 ceteros
1261 1610 1368 1674 'Grae—

177 1756 180 1762 .
280 1725 383 1772 comm
405 1711 508 1790 epicos
531 1710 686 1774 distinctus
708 1711 772 1774 luit.
819 1713 902 1786 Qum
928 1711 1097 1774 Antimaohi
1122 1720 1247 1794 natum,
1269 1713 1367 1792 ἀσαοι

280 1812 312 1874 in
335 1813 400 1874 eius
416 1811 533 1874 laudem
545 1813 730 1893 potissimum
743 1815 834 1876 vertit
847 1814 1006 1895 Antipater
1018 1814 1299 1878 Thessalonicensis
1314 1815 1366 1890 ³²),
1407 1861 1408 1870 r

279 1921 464 1976 austerum
486 1914 575 1976 illud
600 1915 747 1978 dicendi
775 1934 890 1998 genus
916 1917 1064 1994 continet,
1092 1919 1176 1980 cuius
1198 1917 1364 1998 Dionysius

280 2015 553 2080 Halicarnassensis
566 2017 607 2091 ³³)
639 2019 808 2099 exemplum
835 2018 1042 2082 Antimachum
1074 2035 1142 2082 cum
1168 2017 1366 2099 Empedocle‚

279 2117 425 2195 Pindum,
447 2117 617 2201 Aeschylo,
646 2121 711 2182 aliis
734 2122 894 2184 constituit.
939 2120 980 2183 At
1002 2123 1028 2184 si
1050 2139 1116 2184 cum
1142 2118 1273 2184 Homero
1298 2122 1365 2186 An-

258 2219 399 2304 ,amacii
421 2222 525 2301 poesis
540 2230 742 2303 comparatur,
765 2224 851 2286 labor
873 2221 1002 2303 quidem,
1025 2224 1074 2304 qui
1091 2224 1259 2288 molestiam
1281 2231 1366 2290 creat

193 2312 198 2320 ’
278 2323 465 2405 legentibus,
496 2325 526 2386 in
548 2342 584 2386 ea
607 2325 721 2407 elucet,
749 2325 819 2388 dum
840 2325 962 2388 Homeri
984 2319 1091 2389 versus
1125 2328 1275 2408 gravitate
1299 2345 1363 2390 cum

277 2421 434 2489 facilitate
450 2428 542 2490 mixta
575 2429 708 2492 suaviter
742 2436 833 2510 atque
867 2427 995 2492 iucunde
1030 2429 1122 2492 lluunt
1136 2429 1187 2503 ³⁴).
1239 2429 1363 2494 Homeri
1408 2457 1409 2474 ι

280 2563 534 2594 W
1031 2542 1034 2550 ,

317 2638 366 2704 31)
382 2677 385 2680 .
402 2638 547 2698 commun
565 2639 597 2704 x,
616 2639 640 2705 ι,
659 2639 700 2693 so.

316 2725 365 2792 32)
399 2719 501 2780 Anthol.
522 2725 602 2780 Palat.
623 2727 677 2791 vlt,
699 2726 759 2780 too.

376 2805 523 2916 ’Όβριμον
545 2805 723 2895 εὐκαμάτον
745 2809 851 2890 στίχον
873 2811 996 2876 αἲνεσον
1016 2803 1214 2894 Ἀντιμάχοιο

424 2893 534 2980 Ἀξιον
557 2891 695 2987 άρχαίων
717 2889 837 3002 ὀφρύος
859 2889 1015 2983 ἡμιθέων,

383 2983 540 3070 Πιερίδων
561 2976 733 3062 χαλαεατόν
755 2975 807 3048 am'
828 2975 973 3065 άκμοσιν,
1002 2978 1032 3047 εἰ
1052 2977 1145 3070 τορόν
1167 2973 1244 3060 οὖας

427 3061 590 3148 Ἕλλαχες,
613 3064 642 3131 ελ
664 3066 772 3147 ζαλοῖς
791 3061 851 3134 τάν
873 3061 1043 3154 ἀγέλαστον
1065 3059 1145 3148 ὅπα,

277 3181 282 3188 ·
383 3149 423 3218 Εἰ
447 3146 505 3218 τάν
532 3146 684 3242 άτριπτον
705 3152 758 3219 καὶ
779 3147 954 3238 άνέμβατον
976 3147 1118 3241 άτραπον
1140 3146 1248 3232 άλλως

404 3247 405 3251 ’
431 3236 566 3306 Maiam.
601 3236 643 3306 Εἰ
666 3231 695 3309 δ’
711 3233 813 3324 ὕμνων
834 3239 993 3328 σκᾶπτρον
1007 3233 1087 3321 “opu
1108 3233 1246 3321 οςάχει,

322 3321 325 3328 ’
380 3323 446 3406 Καὶ
468 3318 550 3407 Ζεύς
571 3348 621 3392 τοι
641 3323 778 3414 κρέσσων
797 3319 1023 3406 Ἐνοσλχθονος·
1044 3317 1067 3390 ά
1104 3319 1319 3408 'hamlocne
1334 3361 1353 3380 ,-

438 3410 502 3476 Τοῦ
523 3407 579 3494 μὲν
601 3403 790 3497 ἔφαμελων,
812 3403 983 3478 άθανάτων
1003 3403 1142 3488 ὕπατος·

382 3493 450 3561 Καὶ
470 3494 584 3584 ναέτηρ
606 3494 799 3586 Κολοφῶνος
820 3491 1008 3576 ,ιῖπέζενκται
1029 3493 1085 3576 μὲν
1106 3487 1242 3586 Ὁμήρῳ,

291 3585 293 3591 ’
318 3597 321 3605 ’
432 3574 567 3667 >lycium
589 3573 721 3646 δ’άλλων
742 3573 1102 3664 πλάθεοςάμνοπόλοιν.
1223 3631 1245 3669 9

313 3699 360 3764 33)
396 3699 499 3768 Dionys.
519 3699 573 3751 Hal.
593 3699 625 3751 de
646 3716 757 3768 compos.
779 3703 849 3754 verb.
868 3719 892 3770 p.
915 3699 957 3752 22.
979 3710 1039 3755 extr.
1067 3702 1105 3756 Gi.
1125 3705 1236 3756 ciusdem
1256 3703 1360 3755 Censor.

280 3787 343 3865 llett.
363 3804 387 3852 p.
409 3787 451 3839 68.
474 3786 514 3838 ed.
539 3785 609 3872 Sylh.
635 3785 677 3836 uhi
699 3787 874 3839 Antimachum
892 3787 1038 3876 diligentem
1055 3789 1116 3841 dicit
1142 3766 1287 3849 εὐτονίας
1309 3772 1361 3839 καλ

277 3855 482 3942 αγιονιστωιῆς
501 3877 696 3944 coemptos
716 3855 769 3924 καὶ
786 3857 847 3921 τοῦ
868 3860 1026 3946 συνρθσος
1046 3858 1104 3945 τῆς
1122 3851 1310 3945 ἐξαλλαγῆς.

313 3969 361 4036 34)
397 3973 463 4026 Plus
480 3973 530 4028 Vis.
549 3975 637 4028 Timol.
655 3975 764 4028 xxxvl
777 3976 917 4030 Antimachi
935 3987 1027 4045 poetae
1041 3973 1359 4046 ctDionysii'Colcphouii

279 4042 381 4106 pictoris
400 4058 477 4108 opera
495 4044 626 4111 ingeniose
650 4043 752 4096 Homeri
770 4045 920 4096 canniuihua
944 4053 969 4097 ct
986 4047 1130 4100 Nicomachi
1154 4049 1257 4115 picturis
1275 4065 1359 4116 oppo-

279 4110 325 4160 sito
354 4125 410 4160 cum
436 4110 624 4194 Epaminondae
650 4112 693 4195 vel
723 4113 835 4184 Agesilai
862 4122 888 4165 et
919 4114 1081 4182 Timoleontis
1107 4118 1166 4166 ‘vita
1197 4119 1358 4183 comparavit.

280 4168 442 4265 Καθάπερ
463 4201 522 4266 γαρ
549 4203 568 4263 ρ
593 4172 650 4260 μὲν
676 4174 861 4265 Αντιμάχον
890 4182 1016 4270 ποίησις
1039 4181 1091 4261 καλ
1122 4177 1164 4254 τά
1189 4183 1358 4254 Διονυσίου
