2898 4868
121 583 248 648 Troadis
270 593 302 650 et
322 583 472 668 Phrygiae
495 587 619 666 humen,
636 586 790 659 Adrastus
811 605 908 670 prope
922 587 1062 678 Cynicam
1084 607 1202 654 sacmm

119 687 286 750 instituisse
307 685 412 752 fertur.
457 690 650 752 Antimachus
663 690 786 754 Nemesi
807 707 911 772 parem
924 710 991 754 eam
1007 696 1201 764 essestatuit.

118 790 215 854 Sacer
236 798 303 852 erat
324 789 367 854 illi
389 790 465 858 deae
487 809 610 873 casapus
628 791 776 873 Nepeius,
800 794 829 855 in
850 810 909 872 qno
931 800 962 856 et
976 794 1048 856 urbs
1069 803 1101 858 et
1123 803 1202 858 tem·

118 893 202 974 plum
224 891 392 956 Adrasteae
415 895 504 956 situm
525 901 600 958 erat.
644 893 754 956 Urbem
782 894 962 958 Adrasteam
990 904 1021 958 et
1041 896 1203 962 Adrastum

116 994 240 1058 incolas·
257 995 322 1058 eius
353 995 491 1060 Troianis
518 995 629 1060 arixilio
651 995 810 1060 ducentem
831 1004 978 1061 memorat
997 998 1084 1063 Nom.
1107 999 1143 1062 N.
1164 999 1201 1078 ll,

115 1095 193 1162 828.
217 1097 255 1160 cf.
277 1099 366 1160 etiam
388 1098 447 1179 Ap.
468 1097 524 1162 Rh.
540 1097 564 1176 l,
586 1097 673 1170 lits
687 1115 753 1178 sqq.
770 1116 795 1160 c.
812 1100 944 1162 scholiis.
989 1100 1138 1166 Adrastea
1154 1107 1202 1166 est

116 1199 272 1282 Phrygum
296 1197 412 1281 Cybele
434 1199 583 1264 Adrastea
605 1199 671 1262 sive
692 1200 793 1279 llbea,
816 1219 892 1281 quae
906 1219 1013 1283 magna
1030 1212 1130 1268 terrae
1144 1205 1200 1268 dea

115 1299 303 1362 fertilitatem
316 1319 356 1362 ex
370 1301 477 1364 ordine
499 1309 666 1382 temporum
677 1303 823 1366 orientem
841 1312 981 1383 procreat
1002 1306 1201 1386 mundumque

116 1402 281 1483 gubernat.
302 1429 305 1439 ·
325 1403 390 1465 lluc
423 1411 562 1482 spectare
594 1402 734 1466 videntur
761 1403 931 1467 Antimacbi
959 1407 1053 1470 verba
1081 1399 1202 1493 μεγάλη

117 1496 199 1581 θεά,
223 1494 345 1590 ἧνάδε
366 1496 471 1570 πάντα
492 1497 574 1592 πρὸς
598 1495 745 1591 μακάρων
774 1501 893 1586 ἔλαχεν.
936 1508 1001 1570 Dea
1029 1518 1126 1573 autem
1155 1519 1201 1573 est

61 1609 65 1617 '
118 1607 250 1685 Graeca,
279 1625 368 1688 quam
390 1607 528 1690 Phryges
550 1627 568 1671 a
592 1608 716 1672 Graecis
739 1608 856 1670 oriundi
882 1609 913 1670 in
938 1609 1016 1672 hanc
1043 1613 1200 1693 regionem

118 1710 343 1772 transtulerunt.
387 1709 462 1773 Vide
485 1710 581 1775 Strab.
609 1711 649 1774 X.
671 1729 701 1792 p.
730 1710 802 1776 orl.
832 1708 884 1774 καὶ
913 1701 969 1774 onix
998 1701 1129 1789 άπεικός
1154 1735 1199 1799 γε,

116 1803 223 1898 ὥςπερ
245 1801 335 1876 αὐτοὶ
357 1807 388 1875 οἱ
411 1801 533 1900 Φρύγες
555 1809 688 1900 Θρᾳκῶν
710 1801 838 1878 άποικοά
858 1807 950 1892 εἰσιν,
981 1807 1064 1878 οὕτω
1085 1813 1137 1879 καὶ
1157 1809 1199 1881 τά

117 1905 193 2000 ἱερά
214 1911 337 1980 ἐκεῖθεν
358 1913 594 2000 μετενηνέχθαι.
639 1911 730 1978 Cuius
751 1916 797 1978 rei
819 1915 894 1978 lides
920 1925 1048 1999 augetur
1069 1919 1200 1982 flaminis

116 2017 240 2080 nomine
261 2008 427 2104 Αἰσήπου,
450 2018 529 2099 quod
551 2037 590 2081 ex
614 2035 690 2082 voce
705 2007 867 2096 ’Ἀσωπος,
898 2037 975 2099 quae
999 2020 1146 2085 Boeotiae
1168 2029 1199 2086 et

117 2119 329 2201 Sicyoniorum
349 2123 469 2186 ilumina
491 2120 732 2203 appellabantur,
762 2128 859 2183 ortum
878 2130 937 2184 est.
982 2121 1015 2184 ln
1038 2124 1199 2206 Sicyonio-

116 2241 183 2286 rum
207 2230 305 2286 autem
327 2233 359 2286 et
380 2225 565 2306 Argivorum
586 2242 685 2304 neque
699 2224 796 2286 minus
819 2224 849 2284 in
861 2224 1070 2288 Thebanorum
1091 2225 1199 2290 iahulis

117 2323 277 2404 Adrastus,
299 2327 429 2390 mascula
443 2327 612 2390 Adrasteae
627 2325 860 2407 personihcatio,
877 2329 1005 2388 maxime
1017 2328 1196 2391 celebratur.

117 2429 329 2507 Antimachus,
352 2448 441 2510 quem
463 2430 613 2512 antiquapn
635 2428 817 2492 Graecomm
839 2428 1016 2509 religionem
1039 2429 1199 2512 diligenter

117 2539 337 2610 perscrutatum
358 2549 428 2596 esse
455 2531 656 2610 compluribus
684 2549 723 2592 ex
750 2529 840 2594 rebus
870 2532 1056 2614 colligimus,
1085 2533 1198 2613 primus

117 2631 212 2696 hrisse
225 2633 355 2713 videtur,
377 2635 429 2714 qui
443 2634 586 2698 Nemesin
599 2653 665 2696 cum
678 2633 826 2696 Adrastea
843 2642 1047 2716 componeret.
1090 2634 1198 2715 Neque

116 2743 216 2800 tamen
241 2737 375 2818 vulgaris
404 2737 682 2817 recentioribusque
712 2737 895 2818 temporibus
925 2740 1032 2800 usitata
1058 2737 1197 2800 Nemesis

115 2839 215 2917 notio,
238 2838 314 2902 deae
336 2839 414 2902 mala
436 2838 568 2903 facinora
585 2839 745 2922 punientis,
768 2845 890 2920 praesto
908 2839 937 2902 ei
958 2839 1029 2916 huit,
1045 2840 1100 2902 sed
1115 2840 1198 2920 pris·

116 2941 177 3002 tina
200 2941 249 3004 illa
262 2941 460 3006 Rhamnusiae
474 2942 561 3018 deae,
584 2961 660 3022 quae
677 2959 729 3005 res
739 2940 890 3005 naturales
905 2949 936 3004 et
952 2941 1094 3004 humanas
1107 2942 1196 3022 regit.
1287 2952 1291 2964 ¹

114 3042 221 3106 Eidem
242 3043 365 3108 Nemesi
386 3044 585 3108 Rhamnusiae
600 3062 709 3108 nomen
726 3043 894 3107 Adrasteae
910 3043 1032 3108 inditum
1046 3052 1107 3121 est3
1129 3059 1198 3108 nam

115 3165 194 3225 quae
216 3145 417 3228 inEuripidea
433 3147 536 3210 Rheso
552 3144 626 3210 stt.
669 3137 853 3232 Ἀδράστεια
873 3142 943 3228 μὲν,
965 3137 987 3212 ά
1007 3139 1090 3223 Διὸς
1110 3146 1198 3225 παῖς,

116 3245 243 3333 Εἲργοις
263 3239 427 3330 στομάτων
448 3237 585 3335 φθάνον,
617 3256 647 3310 et
669 3268 698 3310 v.
721 3247 794 3310 468.
816 3240 874 3314 σάν
894 3239 1080 3337 'Adpnopelq
1107 3246 1196 3334 Ιάνω,

115 3358 312 3428 memoratur,
336 3371 372 3414 ea
395 3360 442 3438 pat
457 3352 596 3415 Nemesis
613 3351 806 3429 Rhamnusia,
829 3371 938 3415 numen
950 3352 1068 3416 tumidis
1090 3361 1197 3414 osten-

113 3452 275 3516 tationibus
299 3451 447 3516 infestum.
469 3454 581 3518 Lucan.
602 3455 639 3531 V,
662 3452 735 3516 233.
750 3489 784 3500 -
832 3455 915 3518 llaec
936 3455 994 3518 dea
1015 3455 1153 3518 Nemesis
1171 3455 1197 3516 si

114 3555 151 3620 ah
174 3554 351 3618 Antimacho
374 3556 559 3636 intelligitur,
581 3573 691 3618 revera
707 3559 845 3636 congruit
866 3576 934 3620 oum
952 3555 1067 3637 Cybele
1079 3553 1197 3616 Adras-

114 3667 178 3733 tea;
200 3659 388 3738 posteriores
412 3665 510 3720 autem
531 3659 700 3748 Antimachi
722 3660 869 3722 rationem
895 3677 956 3722 non
977 3657 1197 3737 perspicientes

114 3761 293 3824 Adrasleam
315 3767 347 3822 et
367 3761 569 3824 recentiorum
591 3769 758 3841 temporum
780 3761 929 3824 Nemesin·
945 3757 1109 3820 facinorum
1126 3771 1201 3822 sce-¹

115 3863 269 3942 terumque
303 3859 452 3924 vindicem
484 3863 565 3925 iuxta
602 3865 804 3926 aestimarunt.
855 3861 1025 3924 Demetrius
1055 3860 1198 3942 Scepsius

115 3964 227 4038 (belli.
251 3963 387 4028 Anecdd.
410 3963 429 4025 l.
449 3963 487 4034 l.)
510 3963 635 4028 Dianam
663 3983 729 4029 eam
758 3963 840 4026 dixit.
884 3961 957 4027 Sine
983 3961 1074 4026 dnbio
1099 3965 1196 4030 animo

116 4069 181 4132 eius
204 4067 422 4130 obversabatur
444 4066 526 4128 notio
549 4067 662 4130 Dianae
684 4065 850 4147 Ephesiae,
880 4082 1006 4146 magnae
1035 4065 1112 4130 illius
1141 4085 1198 4128 na-

116 4177 198 4232 turae
221 4185 381 4249 rerumque
403 4169 595 4232 humanarum
616 4167 813 4244 ordinatricis.
