2936 4908
492 371 878 466 -'.ppp5...

77 595 197 650 renmto
229 588 436 650 Antimachum
464 590 493 649 in
527 587 623 651 iucem
652 585 817 669 fatuumque
846 591 965 656 revexit
979 589 1029 661 ⁵⁰).
1075 588 1161 650 Aduo

76 699 179 754 eutem
202 691 227 752 is
250 688 427 752 Antimacho
450 689 566 752 deditus
589 690 657 768 mit,
684 699 716 752 ut
744 692 809 753 eius
833 689 1022 762 Cataehenep
1045 692 1161 752 imitans

75 792 214 856 eiusdem
236 792 311 854 tituli
335 810 454 858 carmen
477 801 672 874 componeret
702 793 831 874 ipse⁵i).
870 795 942 868 Qua
969 779 1161 874 ‘imperatoris

73 909 182 976 opera
195 894 303 958 sactum
326 902 388 971 cst,
417 903 449 957 ut
478 895 566 958 etiam
594 897 854 977 grammaticorum
881 894 979 958 modia
1007 894 1044 956 ad
1071 895 1161 956 Anti-

73 997 213 1060 machum
239 999 477 1060 consererentur.
522 996 553 1058 ln
577 998 624 1060 Et.
649 998 688 1061 Μ.
705 998 737 1073 Ι,
767 997 797 1058 6.
831 1017 871 1060 ex
902 997 1075 1060 Antimaehi
1100 995 1161 1060 Ca·-

73 1101 205 1162 taahcne
226 1119 333 1162 versus
350 1101 487 1176 affertur,
511 1102 595 1162 cuius
613 1119 690 1164 voce
712 1083 906 1184 αβολὴτὸρες
931 1100 1081 1182 explicata
1103 1100 1160 1161 ad·-

73 1202 170 1266 dt'iur:
202 1195 308 1266 Οὕτω
339 1199 464 1265 Φίλων
490 1197 543 1275 εἰς
571 1195 618 1265 uo}
646 1194 833 1288 ῥηματικᾶ
861 1194 986 1264 αὐτοῦ.
1030 1203 1087 1276 Oui
1113 1202 1161 1264 hic

72 1313 261 1368 memoratur
292 1304 376 1366 Philo
404 1303 524 1384 glossas
555 1302 674 1393 uidetur
706 1303 918 1369 Antitnaeheas
949 1305 1160 1384 interpretatus

74 1425 161 1470 esse.
195 1407 250 1470 Est
270 1413 370 1470 autem
391 1407 456 1468 sine
479 1404 570 1480 duhio
591 1405 764 1468 Herennius·
780 1405 863 1468 Phiio
885 1405 1025 1502 aptum,
1056 1423 1161 1486 gram

72 1512 215 1586 martem,
239 1510 289 1590 qui
311 1515 389 1570 teste
412 1507 501 1572 Suida
517 1507 658 1570 Hadriani
680 1515 785 1570 aetate,
804 1508 887 1570 uixit.
924 1507 1027 1572 Etiam.
1041 1508 1161 1589 Diony·
1225 1564 1228 1569 .
1277 1501 1280 1514 ¹

73 1616 140 1674 sius
161 1611 325 1688 Phaselim,
348 1610 431 1671 cuius
454 1617 537 1672 aetas
561 1627 619 1671 non
633 1618 713 1672 nota
736 1616 797 1684 est,
825 1609 1160 1690 de·Aotimaehi··poasi
1194 1631 1197 1640 ⁴

73 1715 209 1778 libellum
231 1713 408 1793 conscripsit
423 1713 473 1785 ⁵²).
519 1697 737 1774 Posterioribus
756 1729 875 1791 quoque
898 1713 1081 1793 temporibus
1105 1715 1160 1776 viri

75 1817 158 1880 docti
180 1835 301 1898 operum
322 1817 354 1890 jn
374 1815 580 1878 Antimachum
604 1815 803 1877 contulerunt.
840 1814 916 1876 Nam
930 1816 1051 1878 hteunte
1070 1817 1159 1878 tertio

77 1927 148 2004 post
170 1919 239 1982 Chr.
263 1927 363 1982 natum
384 1919 505 2000 saccino
529 1918 659 1994 Zoticus,
681 1917 788 1979 Plotini
814 1915 975 1994 familiaris,
998 1919 1159 1983 recensio-

75 2041 148 2086 nem
169 2022 337 2088 Antimachi
359 2020 520 2096 edient),
552 2019 721 2099 eodemque
743 2020 864 2082 saeculo
883 2020 1037 2102 Longinus
1059 2023 1159 2103 serip-

75 2128 116 2188 sit
137 2123 237 2206 λέξεις
257 2111 443 2205 §ammoneo
460 2124 511 2197 ⁵⁴).
557 2123 684 2203 Sopater
700 2123 839 2204 sophista
852 2120 1038 2188 Constantini
1060 2133 1159 2188 aetate

75 2230 217 2294 nonnulla
244 2248 286 2291 ex
307 2227 484 2291 Antimacho
510 2227 540 2289 in
569 2225 762 2288 collectanea
784 2241 854 2302 sua,
884 2233 921 2288 et
939 2225 981 2288 lo.
1012 2227 1159 2292 Swhaetm

74 2336 108 2395 in
130 2333 261 2414 Eoiagas
289 2338 487 2411 susceperunt
501 2329 564 2403 ⁵⁵)'3-
586 2327 642 2390 scd
669 2329 791 2392 alterius
817 2328 896 2390 tiber
920 2328 1012 2408 pune.
1035 2328 1158 2406 interiit·

75 2455 177 2517 neque
200 2435 230 2498 in
252 2435 372 2497 atterius
396 2451 489 2514 opere
513 2431 599 2494 nohis
622 2438 802 2493 conseruato
826 2429 986 2510 quidquam
1007 2449 1047 2494 ex
1068 2429 1160 2496 Anti·-
1252 2433 1259 2442 ”

77 2539 185 2602 macho
207 2547 353 2620 sumptum
375 2536 535 2598 invonitur.
791 2613 799 2626 “
1141 2580 1144 2589 .
1171 2527 1174 2532 “

163 2640 223 2704 lam
245 2661 333 2722 quum
356 2643 444 2705 etium
467 2639 507 2702 de
528 2639 585 2715 cis,
608 2640 658 2717 qui
674 2638 846 2700 recentiore
866 2643 964 2700 aetate
980 2637 1159 2702 Antimacho

74 2741 200 2827 operam
231 2745 391 2822 dederunt,
424 2761 520 2826 pauca
561 2742 620 2803 shut
657 2739 799 2815 dicenda,
840 2740 975 2819 inprimis
1006 2738 1160 2802 laudamus

77 2847 554 2928 C.A.G.Sohcilenhcrgium‚
576 2843 822 2932 Nassouiepsem,
838 2841 889 2920 qui
901 2847 1022 2904 auctore
1036 2849 1067 2902 et
1082 2841 1160 2908 duce.
1225 2831 1229 2843 ’

73 2943 122 3014 Fr.
133 2951 287 3014 A.Wolho
296 2940 494 3032 praeceptore
505 2965 576 3011 usus
589 2949 706 3010 iuuenis
715 2945 881 3026 fragmenta
889 2943 1058 3007 Antimaehi
1070 2945 1159 3012 cotti-

74 3044 393 3136 gereinstituitcaque
416 3071 494 3114 antro
507 3050 590 3113 1786
612 3052 739 3112 collecta
751 3048 940 3129 etexplicuta
951 3067 1018 3110 eum
1029 3048 1159 3128 epistota

109 3335 158 3400 50)
194 3335 242 3387 oto
261 3335 331 3386 Cass.
351 3335 476 3402 Excerptt.
496 3332 587 3399 Aiphii.
606 3349 620 3382 e
639 3330 654 3380 Ι.
675 3330 757 3382 txtx.
777 3347 798 3378 c.
818 3331 842 3378 h.
871 3306 932 3376 Τὸν
946 3305 1156 3412 γοῧνὍζιῃρον

73 3396 237 3470 καταλύων
259 3395 439 3506 Ἀντίμαχον
461 3392 527 3466 ἄντ’
549 3391 647 3465 αὐτοῦ
675 3394 811 3486 εἰσῆγεν,
839 3387 876 3464 οὗ
896 3395 977 3484 μηδὲ·
998 3390 1035 3462 eo
1058 3391 1157 3478 ὄνομα

73 3489 187 3556 πολλοὶ
197 3483 353 3594 ’πρότερόν
370 3483 552 3575 ηπίσταντο.
587 3501 626 3552 ct.
646 3499 715 3550 Scit.
735 3515 759 3549 v.
782 3473 950 3571 Ἀδριανός.
977 3497 1045 3549 idem
1064 3485 1161 3547 ttndrt-'

73 3593 138 3628 unus
156 3576 275 3628 Ciceroni
290 3577 421 3636 hittonem
438 3573 546 3624 Ennium
565 3570 670 3638 Virgilio
684 3569 850 3634 praeferebat,
869 3569 914 3620 cir.
932 3569 973 3619 Fr.
989 3565 1089 3618 innoba
1103 3564 1157 3618 cc·
1190 3641 1192 3646 Ι

73 3645 116 3696 tat.
134 3644 216 3696 Poett.
233 3644 370 3713 Antholog.
388 3642 432 3705 ΙΙΙ,
450 3640 474 3694 3.
493 3639 597 3709 p.·892.

108 3729 157 3795 51)
194 3731 318 3798 spartian.
336 3717 393 3780 viti
411 3727 529 3779 hadrian.
550 3725 590 3776 15.

74 3805 94 3918 ,’
108 3833 157 3900 52)
193 3833 221 3918 ,¹¹¹
239 3834 287 3884 vit.
305 3831 437 3916 Nicandri:
456 3803 624 3888 Διὸνὺσιος
645 3802 663 3874 ὁ
686 3806 867 3896 Φασηλίτης
883 3804 919 3872 ’ἐν
939 3808 989 3890 τῴ
1006 3802 1078 3891 περὶ
1099 3803 1157 3890 τῆς

74 3909 261 3985 Αντιμαχου
282 3913 449 3984 metrumne.
771 3933 776 3942 ·
924 3903 928 3912 '
1140 3915 1145 3924 ·
1232 3921 1234 3928 ι

110 4004 159 4070 53)
195 4005 317 4072 Porphpr.
336 4003 384 4052 t'tt.
404 4001 493 4052 Ptoun.
518 4017 540 4050 c.
559 3993 583 4050 Ι.
602 4016 626 4066 p.
646 3996 760 4048 toted.
780 3995 877 4046 Fnhcic.

110 4109 159 4172 st)
195 4107 285 4158 Suidas
303 4123 324 4159 a.
342 4121 367 4156 v.
393 4089 556 4170 Λογγῖνος.
849 4111 852 4116 -

109 4193 160 4260 55)
195 4193 301 4248 Photiur
317 4189 400 4245 ctxt.
419 4206 443 4256 p.
461 4186 513 4240 339
531 4195 557 4240 et
573 4185 632 4240 ott.
659 4189 662 4196 '
752 4220 760 4236 .
