2936 4908
170 587 281 663 {raab
300 594 457 664 ι’νίπλειον
478 589 658 686 arwasiae,
678 591 750 664 ὅττι
771 595 918 687 φέριστον

172 690 264 765 Οἷσιν
286 689 501 868 ἐνειμὲνέρρρς
521 703 624 770 κεῖται
643 697 770 784 μέλιτος
789 693 969 786 πεπληθός.

445 977 519 1050 ΧΧ,
558 990 632 1056 (ια.
651 989 692 1068 ra.
710 990 741 1044 u.
761 992 817 1058 m.)

353 1199 386 1208 -
414 1153 496 1248 ἆταρ
518 1151 699 1249 αἷμφίθετον
720 1161 877 1248 κελέβειον
899 1157 1023 1242 ἑλόντες

167 1255 335 1345 ’Ἐμπλειον
356 1259 497 1346 μέλιτος,
523 1253 560 1328 τό
583 1253 624 1352 dd
646 1261 677 1329 οἳ
698 1263 948 1356 προφερέστερον
970 1267 1031 1354 εἴη.

294 1358 448 1448 {idi-oxori
469 1361 505 1431 δέ
525 1381 614 1454 φησι·
643 1365 697 1443 (ir.
719 1365 826 1444 xvi).

176 1512 250 1574 Tum
266 1531 294 1594 p.
313 1513 385 1578 182.
407 1513 440 1575 F.
461 1502 678 1594 Ἀντίμαχος
699 1503 729 1578 d'
742 1509 780 1578 ἐν
796 1512 953 1599 πέμπτῳ
967 1512 1170 1600 Θηβαΐδος·

432 1702 518 1778 m
561 1713 634 1781 (set.
657 1715 695 1768 rr.
715 1713 745 1767 o.
764 1715 821 1783 ιι.)

176 1871 280 1938 Πᾶσιν
299 1861 331 1935 d'
353 1863 552 1957 ἡγεμόνεσσιν
573 1861 774 1954 ἐποιχόμενοι
794 1864 926 1960 κήρυκες
1080 1951 1083 1960 1

179 1963 308 2062 Χρύσια
327 1966 410 2040 aab&
433 1964 572 2040 κύπελλα
592 1972 762 2059 τετυγμένα
782 1966 974 2060 νωμήσαντο.

173 2148 223 2210 Sic
246 2145 296 2207 irr.
321 2147 439 2228 scripsit
462 2143 735 2230 Schellenbergius.
778 2147 883 2236 Agunt
911 2145 949 2210 de
975 2149 1069 2212 rebus
1096 2169 1172 2212 con-

89 2247 245 2312 vivalibus.
287 2245 411 2312 Frxid.
442 2247 491 2312 19.
518 2247 569 2312 21.
593 2251 682 2312 citata
711 2255 781 2314 sunt
812 2270 852 2312 ex
880 2251 982 2330 quinto
1011 2247 1173 2314 Thebaidis
1222 2315 1225 2322 ,

87 2352 175 2430 libro,
196 2349 228 2414 in
244 2371 304 2432 quo
320 2351 499 2430 convivium,
513 2349 602 2432 .quod
615 2352 761 2415 Adrastus
774 2353 918 2415 heroibus
936 2351 1173 2436 contraidhehas

90 2453 270 2535 proiecturis
297 2453 466 2536 apparavit,
497 2453 679 2538 descriptum
707 2473 776 2517 esse
799 2453 887 2517 facite
918 2473 958 2518 ex
982 2455 1057 2538 ipsis
1086 2455 1173 2538 frag-

89 2563 255 2618 mentorum
262 2557 363 2619 verbis
372 2556 567 2619 concluditur.
590 2557 700 2620 Athen.
710 2555 761 2620 xt.
771 2557 865 2637 princ.
881 2547 975 2646 nopai
984 2557 1031 2644 τῷ
1042 2547 1172 2647 Ἀδρασ-

87 2681 134 2743 τῳ
155 2655 346 2734 καθίσαντες
372 2655 403 2722 οἱ
431 2645 571 2747 ἀριστεῖς
598 2657 786 2724 δειπνοῦσιν.
829 2659 955 2742 Reliqua
982 2660 1036 2725 irr.
1063 2661 1174 2724 ibidem

89 2761 188 2844 posita
210 2759 304 2824 fuisse
333 2762 423 2824 certis
452 2762 570 2842 quidem
598 2761 700 2826 verbis
727 2781 789 2825 non
816 2763 976 2840 indicatum
1002 2763 1057 2826 sed
1084 2782 1175 2844 quum

89 2863 189 2944 aliqua
213 2884 253 2927 ex
275 2871 361 2945 parte
383 2864 440 2926 iliis
463 2864 666 2948 respondeant
689 2871 719 2930 et
742 2864 888 2936 eiusmodi
913 2883 964 2929 res
991 2865 1174 2943 contineant,

87 2985 162 3047 quas
189 2969 219 3030 in
256 2965 306 3029 illa
341 2965 544 3048 descriptione
577 2967 700 3032 infuisse
731 2985 860 3032 necesse
893 2973 954 3048 est,
997 2987 1037 3031 ex
1068 2965 1174 3032 eadem

88 3067 275 3132 Athenaeum
306 3089 342 3132 ea
371 3069 534 3150 sumpsisse
565 3071 809 3133 verisimillimum
839 3077 896 3134 cst.
936 3069 1093 3138 Welcker.
1125 3073 1175 3148 (m

88 3171 255 3234 Zimmerm.
288 3172 386 3234 ltiarr.
425 3171 582 3237 Scholastt.
614 3171 707 3236 1832.
748 3173 783 3237 11.
811 3171 849 3236 N.
879 3173 949 3249 15.)
986 3173 1023 3238 ir.
1055 3173 1107 3240 17.
1142 3182 1174 3240 et

89 3271 139 3337 18.
168 3275 324 3356 pertinere
354 3275 493 3357 opinatur
528 3273 565 3338 ad
595 3277 764 3338 convivium
803 3275 841 3340 ah
869 3277 1001 3342 Adrasto
1017 3359 1020 3366 Ι
1034 3277 1172 3361 Epigo-

87 3379 147 3440 nis
170 3385 364 3456 exstructum,
388 3396 448 3460 quo
472 3380 502 3441 in
518 3367 686 3441 enarrando
699 3379 894 3444 Antimachus
912 3382 1001 3446 multa
1020 3402 1060 3446 ex
1072 3383 1174 3462 priore

88 3479 230 3542 convivio
265 3477 401 3542 consulto
432 3483 597 3563 repetierit.
651 3481 739 3557 ouod
765 3481 974 3567 Epigonorum
1005 3481 1173 3545 convivium

89 3601 266 3666 piamonem
289 3583 326 3648 ab
354 3583 532 3649 Antimacho
562 3583 745 3668 descriptum
771 3605 841 3651 esse
869 3585 949 3650 haud
977 3582 1173 3666 improbabile

89 3691 153 3764 est,
183 3683 237 3748 irr.
260 3692 360 3750 tamen
381 3687 431 3750 illa
453 3707 470 3750 a
492 3688 616 3771 reliquis
643 3688 817 3754 discemera
843 3709 903 3753 non
929 3685 1036 3756 audeo,
1079 3683 1119 3747 Ut
1136 3681 1171 3745 ir.

91 3786 141 3851 18.
172 3797 344 3871 separaret,
381 3791 427 3852 vir
455 3791 559 3854 doctus
589 3791 710 3856 videtur
737 3801 902 3857 commotus
932 3806 1002 3852 esse
1033 3783 1178 3849 similitu-'

90 3891 159 3954 dine
181 3889 218 3955 is.
235 3891 299 3970 aa,
332 3892 362 3953 in
386 3909 445 3971 quo
467 3911 523 3973 pro
542 3895 782 3977 Schciicnbergii
803 3893 853 3977 εἴη
873 3912 915 3953 ex
931 3889 1019 3953 codd.
1043 3875 1096 3975 ἦεν
1117 3906 1172 3952 re-

91 3996 223 4056 stitutum
245 4001 302 4056 est.
347 3993 406 4058 Sed
429 4011 494 4058 eam
517 3997 611 4078 ipsam
633 3999 673 4060 ob
700 4015 764 4060 rem
789 3992 1001 4076 eomungerm
1028 3992 1098 4056 miffi
1118 3993 1169 4056 vi-

92 4096 209 4160 dentur.
243 4091 557 4162 Viromanduorum
573 4099 758 4174 inaliist‘rr.‚
782 4095 862 4177 quod
875 4097 945 4160 fieri
958 4097 1031 4174 nit,
1054 4096 1170 4172 iubae,

90 4201 123 4260 tn
144 4198 211 4262 aliis
238 4198 279 4277 id,
307 4198 387 4281 quod
416 4200 527 4262 iussum
550 4207 610 4278 cst,
634 4199 746 4282 pertici
791 4197 850 4262 ianr
871 4217 947 4264 vero
960 4207 1071 4282 poetae
1092 4198 1171 4280 apid
