2936 4908
99 571 219 663 Ὄγκου
239 573 295 646 τόν
316 574 418 646 ἵππον
437 580 489 648 καί
512 577 592 646 dieis
613 575 670 668 τήν
695 571 784 648 Ἦλιν
812 577 867 646 ἐπί
891 579 936 664 τῴ
964 571 1078 668 Ἀρίονι
1103 572 1196 662 opot-

104 703 204 764 μενον
231 679 266 758 ἐς
295 676 356 759 τοὶς
380 673 501 769 μάχας·
531 682 668 770 δοθῆναι
693 679 734 749 δὲ
759 674 823 748 lind
850 674 1037 770 Ἡρακλέους
1068 675 1196 769 ὕστερον

107 772 275 873 Ἀδράστῳ
301 779 358 850 τόν
384 781 492 850 ἵππον.
542 777 620 852 Ἐπί
650 776 774 869 τούτῳ
806 782 847 849 dt
881 781 919 863 ἐς
950 778 1015 850 τόν
1047 777 1196 872 Ἀρίονα

107 885 294 974 ἐποίησεν
315 879 545 971 Ἀντίμαχος·
569 881 626 965 ‘tta
645 880 691 976 ῥά
712 879 794 954 ποτ’
813 879 1008 976 Ἀδράστῳ
1028 881 1197 975 τριτάτῳ

109 981 143 1075 γ’
174 982 309 1078 ἐδμή6’
336 982 397 1057 ὑπ’
427 983 570 1056 ίίυακτι.
614 993 663 1058 Sic
693 1011 799 1055 versus
832 992 902 1055 olim
933 993 1107 1074 regenaam
1142 993 1197 1056 sed

108 1087 290 1179 δέδμηθ’,
314 1095 393 1174 qnod
417 1095 644 1176 Schelleaberg.
667 1112 817 1173 reponere
839 1113 900 1160 non
921 1095 1055 1173 nolebat,
1080 1096 1196 1159 codici-

108 1197 171 1258 bus
184 1199 326 1261 sumatur.
362 1187 438 1260 τότ’
456 1197 686 1277 praeferendum
702 1197 818 1260 videtur
833 1198 997 1278 particulae
1011 1189 1092 1276 ποτ’,
1107 1217 1196 1277 quum

109 1300 311 1362 Antimachus
334 1298 372 1362 de
398 1316 436 1360 eo
465 1299 605 1379 loquatur
632 1307 782 1380 tempore,
812 1317 871 1380 quo
901 1299 1050 1363 Adrastus
1075 1301 1197 1364 tenebat

108 1419 235 1481 aequum.
260 1401 298 1464 cl.
321 1401 420 1466 Schol.
443 1401 476 1462 ll.
499 1401 606 1478 XXIII,
629 1400 702 1465 316.
725 1401 772 1464 ad.
796 1401 830 1464 ir.
854 1400 1036 1466 antecedens
1058 1402 1197 1482 adscrip-

110 1515 187 1580 tum‚
217 1503 298 1583 quod
320 1521 376 1582 pro
408 1501 507 1580 Onco,
536 1505 632 1584 primo
659 1503 782 1566 Arioms
812 1522 1005 1585 possessore,
1036 1503 1196 1585 Copreum‚

113 1607 237 1668 Haliarti
260 1623 376 1686 regem,
400 1605 564 1682 substituit,
588 1613 618 1668 et
641 1607 712 1669 Stat.
737 1606 829 1668 Theb.
852 1606 901 1683 Vl,
924 1606 997 1671 302.
1041 1606 1196 1686 HicNep·

114 1720 216 1770 tuarum
240 1709 364 1788 primum
387 1707 424 1769 alr
442 1706 557 1770 Arione
577 1715 693 1770 vectum
711 1707 810 1785 tradit,
833 1707 941 1772 deinde
952 1708 1123 1785 Herculem,
1146 1711 1195 1788 qui

49 1877 53 1884 ,
114 1812 196 1872 dono
218 1809 300 1872 dedit
323 1809 460 1874 Adrasto.

483 2053 807 2158 ‘xwffl.mam

222 2204 327 2292 Πατρί
347 2229 383 2270 τε
404 2209 594 2288 κυανοχαῖτα
617 2201 814 2274 Ποσειδάωνι
835 2198 1012 2284 momorderis.

204 2377 332 2440 Bekker.
356 2377 492 2441 Anecdd.
506 2377 554 2439 Ill.
572 2398 600 2460 p.
618 2378 711 2440 ttsr.
744 2378 792 2441 Ad
815 2379 1102 2472 cundemlhrionem
1118 2379 1197 2440 hrrrrc

115 2499 238 2542 versum
260 2479 449 2542 referendum
473 2499 542 2543 esso
573 2481 723 2542 admonuit
752 2481 787 2544 Ο.
810 2481 971 2544 Muellerus
1001 2482 1031 2542 in
1051 2481 1196 2564 Aeschyl.
1303 2530 1309 2535 .

114 2585 240 2645 Eumon.
273 2603 301 2663 p.
327 2581 397 2646 173.
439 2583 545 2662 Neque
572 2584 651 2644 enirn
679 2602 806 2646 necesse
834 2591 891 2661 est,
917 2591 949 2646 ut
972 2583 1007 2644 lr.
1034 2583 1084 2646 26.
1116 2575 1196 2668 αὐτή
1278 2595 1282 2606 ’

113 2676 181 2769 γαῖ’
202 2676 338 2749 οίνέιίωκε
359 2686 403 2747 sic
425 2686 619 2766 explicemus,
642 2679 673 2747 ut
696 2679 760 2748 sine
773 2687 903 2766 Neptuni
917 2686 1086 2748 interventu
1101 2687 1197 2748 Arion

113 2807 132 2849 a
158 2796 238 2850 terra
260 2790 378 2870 genitus
402 2789 448 2848 sit.
492 2789 605 2850 Versus
629 2807 669 2850 ex
684 2789 860 2852 Antimacho
883 2787 988 2849 allatus
1011 2795 1058 2850 est
1074 2795 1198 2866 propter
1228 2787 1230 2790 ’

116 2885 251 2954 (latinum
272 2889 463 2969 stauropoleos
486 2892 551 2952 iota.
568 2892 735 2972 subscripto
754 2892 894 2952 ommisso
918 2891 947 2950 ln
970 2889 1097 2952 obreve
1120 2909 1198 2951 exe-

115 3002 229 3055 untem.
273 2993 321 3054 De
341 2987 399 3054 hoc
421 2992 522 3054 dativo
546 2992 614 3054 vide
639 2993 773 3056 Loheclr.
802 2994 949 3075 Paralipp.
977 2993 1027 3054 Gr.
1054 2992 1104 3056 Gr.
1127 2991 1149 3052 l.
1168 3010 1197 3071 p.

116 3095 192 3172 181,
222 3114 311 3175 quem
338 3094 437 3157 locum
467 3097 610 3177 Ignorans
639 3096 817 3159 Duebnerus
844 3097 970 3158 eundern
1002 3094 1134 3158 Lobeclt.
1160 3093 1198 3154 ad

116 3199 275 3280 Phryniclr.
299 3217 328 3278 p.
352 3183 424 3260 658.
449 3199 527 3260 citat.
572 3198 615 3260 lbi
637 3215 757 3260 versum
782 3217 822 3260 ex
849 3198 1001 3279 Tryphon.
1028 3199 1120 3261 Exco.
1151 3217 1199 3278 ap.

117 3299 253 3362 Constat.
275 3300 537 3364 Lasear.G1·amm.
559 3296 659 3363 tall.
681 3298 839 3381 proferens
861 3318 917 3386 pro
940 3303 1130 3380 κυανοχαῖτα
1141 3318 1199 3360 vo-

117 3405 172 3465 luit
195 3404 385 3481 κυανοχαῖτι,
409 3419 485 3482 quae
508 3403 676 3463 terminatio
699 3404 855 3464 licentiose
878 3402 916 3464 ad
938 3404 1043 3464 tertiae
1065 3403 1200 3462 dealma-

117 3507 210 3566 tionis
233 3504 455 3566 slmilitudinem
477 3503 526 3565 vel
548 3505 635 3566 metri
657 3504 706 3565 vel
729 3505 896 3585 euphoniae
915 3523 1004 3568 causa
1027 3522 1082 3583 per
1102 3510 1200 3563 meta-

119 3606 264 3688 plasmum
288 3606 430 3686 perducta
453 3614 545 3667 esset.
591 3605 693 3668 l'acite
716 3625 781 3667 earn
797 3609 973 3669 sententiam
996 3607 1042 3665 vir
1059 3603 1200 3666 doctissi-

120 3728 188 3770 mus
211 3707 357 3787 improbat
380 3709 407 3768 ln
431 3707 578 3788 Paralipp.
601 3707 619 3769 l.
636 3708 656 3769 t:
699 3708 767 3769 Non
787 3710 1009 3789 metaplasmum
1032 3724 1120 3782 nuno,
1147 3705 1200 3766 sed

122 3811 294 3882 rnurrlarem
317 3829 387 3870 esse
410 3809 567 3872 arbitratur
589 3819 780 3888 monoptotae
803 3808 1009 3872 declinationIs
1032 3807 1172 3871 dativum.

448 3995 567 4059 Xfflh
610 4009 867 4077 mannam

228 4161 396 4253 Δήμητρος
418 4158 495 4230 trith
516 4165 612 4250 φασίν
633 4157 765 4252 Ἐρινύος
786 4155 864 4229 εἶναι
887 4160 1047 4230 adsertam·
