2898 4868
527 419 567 433 ..
634 382 717 456 lm
785 421 819 434 ..

626 571 727 638 CXX.

223 764 312 848 npuu
333 763 463 846 Hesych.
488 783 514 826 ν.
537 758 712 849 μυοίκαρφι
737 759 864 844 iegitur:
894 751 1012 845 ὄνομα
1038 754 1105 848 poio
1134 759 1216 838 doce

128 865 388 953 μυοίκαηφος,
418 853 462 930 οὗ
486 855 714 950 μνημονεύει
742 855 966 951 Ἀντιφάνης
994 856 1012 928 ὁ
1041 857 1215 948 κωμικός,

129 960 307 1044 ιὶίςτινες
328 962 368 1030 δὲ
388 957 451 1030 τόν
472 956 691 1048 Ἀντίμαχον
716 968 779 1044 (sio
806 971 885 1030 enirn
907 965 1077 1052 legendum·
1091 975 1138 1031 est
1159 984 1215 1050 pro

128 1058 370 1156 Ἀπολλοφάνης
385 1058 551 1149 ὁκωμικὸς
566 1076 596 1131 et
610 1059 831 1158 Ἀρχίμαχον).
867 1059 981 1146 Quibus
997 1069 1098 1136 verbis
1107 1070 1214 1152 ¹signi-

129 1173 239 1238 ficatur
266 1172 341 1234 alios
367 1170 548 1250 Antiphani,
578 1170 653 1234 aiios
680 1165 858 1236 Antimacho
885 1175 994 1236 voeeni
1018 1169 1215 1258 μυοίκαοφος

131 1263 341 1355 adscripsisse.
386 1269 539 1334 Eiusmodi
560 1279 659 1336 autem
681 1272 842 1336 discrimen
863 1281 960 1336 crtum
986 1281 1034 1336 est
1055 1293 1107 1336 ex.
1122 1291 1215 1355 prava

131 1378 260 1442 alieuius
281 1374 350 1438 hori
371 1374 550 1455 scriptione,
574 1391 664 1456 quum
685 1363 859 1461 ἄντιφοίνης
881 1365 899 1439 ὁ
920 1366 1056 1457 κωμικός
1077 1381 1108 1437 et
1129 1365 1213 1438 α’ντί-

130 1499 235 1564 μᾶκος
256 1467 274 1542 ὁ
295 1465 487 1562 κολοφοίνιος
513 1474 601 1539 facile
624 1475 887 1546 confunderentur.
930 1477 995 1540 Utri
1019 1494 1127 1539 vocem
1155 1499 1213 1558 μυ·Υ

131 1580 295 1668 οίκαρφος,
312 1597 388 1660 quae
402 1578 532 1668 irrisoris
548 1581 700 1643 notionem
712 1579 855 1658 continet,
871 1579 1052 1658 addicamus,
1065 1578 1212 1642 incertum
1340 1637 1342 1642 ,

133 1693 235 1750 est—
283 1683 336 1746 itis
359 1680 546 1762 adiungimus
568 1679 708 1769 aliaduo
729 1682 867 1765 exempla
885 1683 1122 1747 commutationis
1144 1681 1212 1746 An·
1329 1763 1333 1776 .

136 1788 254 1854 timachi
276 1794 308 1852 et
328 1785 515 1867 Antiphanis.

459 2031 570 2096 CXXI.
619 2045 694 2114 (sm.
715 2047 758 2100 et.
777 2045 809 2102 n.
826 2046 883 2112 aa.)

225 2195 274 2270 ”H
294 2195 383 2289 ὕκην,
412 2195 568 2289 ἢίπττον,
593 2193 616 2289 ἢ
641 2192 676 2267 ίίν
702 2200 809 2288 κίχλην
834 2199 1007 2269 καλέουσιν.

220 2364 330 2427 Athen.
353 2363 415 2428 vlt.
443 2383 472 2446 p.
502 2359 635 2426 soa'o.
664 2363 702 2426 de
729 2364 820 2446 hippo
848 2365 945 2446 pisce:
972 2353 1213 2449 Μνημονεύει

132 2459 250 2533 αὐτοῦ
271 2455 493 2552 Ἀντιφάνης
514 2456 533 2529 ὁ
559 2451 811 2551 Κολοφώνιος
841 2463 879 2531 ἕν
904 2463 949 2552 τῇ
971 2461 1137 2552 Θηβαΐδι
1158 2462 1213 2532 λέ-

131 2590 205 2654 γων
239 2558 382 2644 οὕτως·
403 2559 452 2632 ’Ἠ
475 2592 504 2632 κ.
527 2589 560 2630 τ.
576 2566 604 2630 λ.
660 2566 922 2650 Sohellenhergins
963 2569 1213 2652 praecedentibus

135 2667 237 2730 lonsio
259 2666 315 2742 (de
338 2666 456 2749 Scriptt.
478 2667 514 2731 H.
537 2669 567 2732 Ρ.
591 2669 615 2750 l,
639 2671 667 2732 7.
686 2687 716 2752 p.
735 2668 805 2744 dd.)
829 2678 860 2734 et
880 2670 1017 2735 Bentleio
1043 2671 1154 2752 (Epist.
1176 2670 1214 2734 ad

133 2768 335 2851 milipeda
352 2768 400 2833 ed.
416 2770 516 2852 Lips.)
537 2789 644 2836 vocem
657 2760 843 2860 Ἀντιφιλνης
863 2779 956 2836 mutat
973 2775 1004 2835 in
1017 2762 1215 2856 Ἀντίμαχοςς

133 2870 189 2935 sed
212 2889 300 2954 quum
322 2887 429 2936 versus
452 2892 518 2935 eum
545 2875 659 2939 heroici
685 2876 831 2955 poematis
860 2883 964 2938 natura
990 2875 1110 2938 minime
1138 2894 1214 2939 eon-

134 2982 241 3058 gruat,
264 2981 296 3038 et
316 2974 375 3039 hoc
396 2973 433 3038 ir.
457 2975 618 3059 Antiphani
641 2977 880 3042 adiudicaverim.
924 2977 999 3040 Nam
1017 2976 1122 3042 doetus
1145 2977 1214 3061 qad-

134 3078 203 3141 dom
225 3096 281 3162 pro
302 3066 490 3166 Ἀντιφάνης
511 3070 530 3144 ὁ
552 3071 687 3163 κωμικός
707 3099 764 3162 per
788 3097 923 3146 errorem
944 3069 1052 3162 te'gens
1072 3063 1213 3164 Ἀντίμα-1

133 3201 190 3262 χος
211 3170 229 3243 d
251 3171 471 3269 Κολοφώνιος,
499 3179 607 3244 additis
633 3178 667 3248 ἐν
688 3181 729 3269 τῇ
751 3177 890 3270 Θηβαίδι
916 3181 1084 3246 Antimachi
1106 3200 1214 3266 poema

132 3282 316 3346 celebratum
349 3284 545 3366 supposuisse
576 3282 705 3350 videtum.
758 3287 941 3366 Quamquam
955 3311 959 3318 -
975 3301 1031 3367 pro
1064 3292 1149 3348 certo
1183 3292 1215 3348 et

132 3387 291 3469 explorato
314 3386 373 3449 hoc
395 3386 496 3451 dicere
518 3405 579 3450 non
601 3385 713 3463 aude03
744 3404 820 3468 quae
843 3387 923 3450 enim
945 3386 1064 3450 dicendi
1085 3386 1162 3448 ratio
1185 3387 1214 3448 in

132 3490 192 3551 hoc
213 3506 305 3552 versu
327 3496 389 3568 est,
419 3507 455 3553 ea
484 3491 605 3553 multum
632 3487 724 3552 habet
752 3489 950 3552 similitudinis
979 3506 1045 3550 oum
1072 3504 1215 3550 sermone

133 3590 346 3655 didactieorum
375 3600 562 3672 poematum,
592 3592 690 3672 qualia
720 3599 790 3654 sunt
817 3592 1020 3672 posteriorum
1049 3596 1215 3670 temporam

133 3693 318 3772 Halieutica,
342 3693 503 3773 Therinos,
526 3694 593 3758 alia.
617 3693 656 3758 οί.
677 3693 742 3758 Nic.
766 3693 856 3757 Ther.
879 3693 950 3756 574.

236 3821 259 3917 ἢ
279 3822 411 3916 monade,
438 3821 461 3916 ἢ
481 3831 619 3917 νεβροῖο,
642 3820 777 3917 πάροιθ’
798 3821 864 3895 cited
887 3819 1012 3910 λύματα
1032 3817 1152 3914 κόψας,

239 3924 260 4016 ἢ
282 3921 404 4018 ἐλάφου
425 3923 533 4018 νηδιίν,
555 3923 613 4014 την
633 3923 675 4016 δη
697 3928 861 3996 καλέουσιν
883 3927 986 4011 ἐχῖνον
1007 3947 1073 4010 sqq.

134 4059 204 4122 ihid.
229 4060 300 4122 tut.
325 4060 397 4122 did.
426 4058 497 4123 53⁷.
526 4061 598 4123 565.
641 4059 782 4143 Alexiph.
812 4059 863 4123 87.
893 4066 924 4122 et
951 4066 1113 4122 sexcentos
1142 4057 1215 4120 alios

133 4163 268 4227 eiusdem
290 4163 385 4227 locos.
