2898 4868
88 538 297 638 πορσόλσφοε
324 549 363 614 sit
390 539 537 616 dorium
565 549 652 634 igne
681 558 960 634 praeparatum,
989 551 1069 616 unde
1095 553 1177 618 notio

89 671 112 716 a
135 650 355 736 terrioogrupho
377 670 468 736 supra
489 661 651 716 memorato
674 651 835 718 derivetur.
858 653 898 718 et.
918 653 1049 736 Hesyeh.
1071 647 1178 744 πυρώ-

89 754 200 842 λθφθί,
231 743 358 837 ίμᾶπθς
379 751 409 820 ol
430 744 507 841 παρ’
528 743 731 841 ὄπτηθεισῶν
751 753 877 841 βυρσῶν
899 745 1090 838 τεμνόμενοι.

429 957 542 1024 cXtv.
585 973 660 1042 (sn.
679 976 720 1030 rs.
739 974 770 1027 ο.
787 973 846 1041 os.)

201 1121 255 1195 To)
276 1118 306 1194 δ’
320 1115 390 1194 αὖτ’
410 1117 494 1216 ἀμφί
515 1119 694 1196 κονισοίίεον
715 1121 898 1216 πεπονήατο
920 1128 1041 1220 δίφρον.

180 1265 344 1330 Herodian.
371 1263 445 1354 περί
464 1288 533 1349 μον.
556 1265 620 1347 λιξ.
642 1286 673 1350 ρ.
696 1267 726 1330 d.
749 1266 884 1332 Dindorf.
914 1267 1011 1332 docet·
1031 1270 1178 1337 adiectivo

92 1372 128 1434 in
150 1359 243 1446 ἆλῖος
264 1369 404 1434 exeuntia
426 1377 616 1452 paroxytonn
644 1386 714 1434 esse
742 1377 863 1452 praeter
885 1361 1068 1452 δαιδάλεος,
1095 1396 1178 1440 κονι-

91 1461 218 1552 σιίλεος,
244 1460 463 1552 ἆτασθιίίεος,
489 1460 660 1550 αι’θοίίεος,
689 1471 774 1534 cuius
805 1471 852 1534 rei
886 1474 1057 1555 exemplum
1088 1477 1180 1540 eiiert

93 1593 217 1639 versum
236 1573 432 1658 propositum.
480 1563 540 1636 Tui
561 1573 698 1654 reposuit
719 1591 775 1654 pro
791 1569 838 1657 τῷ
859 1574 1012 1640 Weloher.
1030 1574 1113 1660 Cyri.
1128 1598 1178 1661 ep.

93 1698 126 1761 p.
154 1677 225 1740 tot.
261 1677 311 1758 qui
343 1674 503 1758 ingeniose
536 1673 573 1738 nd
603 1672 782 1738 Molionidos
816 1673 891 1738 haec
923 1675 1029 1740 refert.
1079 1675 1178 1744 V'erhn

96 1771 317 1846 κονισοίλεον
349 1774 483 1865 δίφρον
512 1797 552 1841 ex
579 1777 757 1840 Antimacho
787 1778 877 1840 etiem
905 1779 951 1842 Et.
979 1780 1018 1844 hi.
1047 1799 1076 1864 p.
1103 1781 1177 1845 261.

98 1885 182 1946 citet.
202 1866 206 1876 ⁸
223 1881 505 1964 Schellenhergius‚
532 1879 582 1962 qui
609 1878 688 1942 hunc
715 1885 827 1942 tontum
849 1879 947 1944 locum
969 1885 1066 1963 novit,
1096 1883 1179 1948 dedit

96 1975 314 2066 κονισσοίίεονς
342 1985 430 2051 uhter
452 1984 530 2047 enim
553 1985 583 2044 in
606 1984 736 2044 camnine
758 1983 830 2062 poni
857 2001 918 2044 non
944 2003 1045 2067 posse.
1091 1987 1177 2063 Quod

94 2089 224 2172 probunt
245 2087 340 2151 Behh.
363 2083 541 2176 otliepron.
564 2083 601 2147 nd
623 2083 670 2149 Et.
693 2085 731 2147 Μ.
755 2085 774 2147 l.
791 2085 810 2148 1.
855 2085 1086 2152 Assentiehotur
1107 2091 1177 2154 olim

94 2192 225 2257 Meinelr.
255 2191 293 2254 ud
320 2188 453 2272 Euphor.
481 2187 519 2251 ir.
549 2187 610 2264 19.
628 2207 659 2271 p.
683 2187 733 2251 72.
756 2189 806 2268 qui
829 2197 920 2270 poeta
944 2187 1178 2255 ed'Antimnchi

95 2294 266 2377 exemplum
281 2291 389 2356 eodem
404 2290 499 2355 verho
512 2291 666 2354 rarissimo
680 2308 752 2353 usus
775 2298 831 2353 est.
875 2289 934 2357 Sed
952 2297 1031 2356 nunc
1045 2293 1176 2358 hieinek.

94 2399 125 2461 in
147 2395 358 2460 Anah-Alex.
385 2414 416 2476 p.
439 2392 491 2457 st.
515 2393 545 2455 in
567 2392 674 2457 eodem
696 2392 733 2460 sr.
755 2393 859 2456 scribit
879 2413 940 2457 uno
962 2396 1068 2478 sigma.
1108 2403 1176 2462 Κο-

91 2496 220 2575 νίσαλος
241 2499 353 2581 legitur
374 2497 403 2568 in
425 2494 473 2559 Et.
498 2494 539 2559 Μ.
565 2513 594 2578 ρ.
625 2493 676 2573 19,
689 2579 694 2588 Ι
707 2497 758 2557 55.
788 2503 818 2558 et
846 2487 1027 2573 κονισάλεος
1054 2509 1177 2583 praeter

93 2603 193 2666 locum
215 2619 307 2684 supra
328 2599 477 2664 laudatum
493 2600 582 2662 etium
603 2617 634 2681 p.
648 2595 722 2676 528,
735 2596 787 2660 52.
832 2597 963 2682 Hesych.
986 2592 1175 2683 κονισάλεος,

93 2701 260 2783 κονίσαίοι,
282 2699 454 2781 κονίσαλος,
471 2701 529 2765 utin
550 2718 611 2764 uno
632 2701 738 2782 sigma.
774 2700 839 2763 Huc
857 2701 973 2765 accedit
987 2704 1175 2770 Herodianus

93 2815 124 2871 et
153 2807 355 2889 Euphorionis
388 2804 595 2887 fragmentum.
626 2803 778 2866 ·Tuemur
809 2801 921 2866 somnos
951 2802 1114 2884 κονίσαλος
1145 2819 1175 2873 et

94 2902 285 2992 κονισάλεος,·
306 2909 391 2972 ouius
407 2909 454 2971 rei
471 2908 676 2972 auctoritatem
698 2905 786 2969 nohis
799 2905 912 2969 iaciunt
926 2906 1050 2972 verbum
1072 2908 1174 2990 κονίαν,

92 3015 123 3076 in
146 3030 205 3094 quo
227 3013 287 3076 ioto
310 3029 459 3093 nunquam
481 3030 542 3074 non
564 3011 689 3094 longum
711 3017 772 3087 est,
801 3016 831 3071 et
859 2999 1002 3080 οἷκὸνῒτοο
1032 3011 1175 3086 (Nicand.

93 3116 183 3180 Alex.
206 3114 274 3190 13.)
303 3123 334 3179 et
356 3105 484 3181 οἷκονῖτί.
504 3149 537 3162 -
585 3114 715 3194 Peyron.
742 3113 772 3173 in
799 3119 859 3174 not.
888 3112 925 3175 nd
947 3113 993 3176 Et.
1016 3115 1055 3177 nt.
1079 3116 1173 3178 citans

93 3201 177 3282 Aret.
199 3219 360 3281 Phaenom.
384 3217 435 3281 82.
460 3215 522 3278 vuit
547 3210 748 3280 πεπονείατο.
793 3212 853 3278 Sed
879 3206 1063 3302 πεπονήατο
1090 3227 1173 3282 recte

94 3322 231 3402 positum.
276 3323 389 3384 Versus
412 3319 514 3382 simiiis
543 3325 590 3382 est
615 3317 674 3399 Ap.
701 3317 756 3378 Rh.
784 3317 807 3395 1,
832 3317 902 3381 752.
931 3321 1033 3402 quiin
1062 3323 1172 3385 Arsen.

92 3424 201 3486 Violet.
225 3443 254 3506 p.
278 3422 351 3486 t03.
374 3423 471 3488 Welu.
494 3421 614 3485 nomine
636 3417 814 3502 Apollodori
835 3422 958 3485 citetur:

194 3517 239 3590 Ἑν
261 3521 298 3588 δὲ
319 3515 384 3592 odo
405 3522 513 3611 δίφροι
534 3512 718 3607 πεπονήατο
739 3513 917 3610 δήριόοιντε.

498 3720 593 3785 CXV.
637 3735 682 3802 (n.
705 3733 763 3798 m.)
878 3717 882 3724 '

246 3877 365 3972 ῳόλσες
386 3873 482 3958 κύνες.
618 3863 622 3870 ’

179 4039 263 4102 thid.¹
283 4009 312 4120 p.
338 4038 393 4117 32,
421 4035 488 4128 33..Ι
503 4026 631 4126 πολύς·
654 4027 695 4100 τοὶ
727 4028 773 4109 εἰς
797 4023 844 4111 οξ
866 4001 1001 4120 λήγοντα
1028 4033 1171 4128 καθαρόν

89 4139 203 4224 ἔχοντα
218 4135 258 4208 τὸ
273 4135 553 4220 summopere
567 4127 764 4224 βαρύνεσθαι
781 4135 894 4228 θέλει·
912 4135 1034 4288 ’θήλοξ,
1056 4133 1170 4228 φίλος·
1261 4185 1268 4202 .
1305 4174 1308 4182 -
