2936 4908
784 407 920 508 ,ι-

265 614 354 678 pore,
383 611 441 677 quo
460 551 588 660 maxime
612 599 727 676 lloruit,
755 594 964 660 Antimachum
992 597 1164 674 superabam
1196 605 1283 668 esse,
1314 591 1356 654 ad

265 702 330 763 eius
359 700 477 764 laudem
505 701 627 764 multum
661 701 794 764 contulit.
839 699 997 760 Niceratus
1029 692 1227 775 autemslne
1262 693 1357 757 dubio

264 802 319 864 luit
342 803 438 881 idern,
470 822 557 884 quem
586 809 665 866 teste
694 801 859 866 Aristotele
889 799 976 862 llhet.
1005 796 1055 876 lll,
1083 795 1133 860 ll.
1164 796 1359 880 Thrasyma-

266 905 339 969 chus
367 905 560 968 Philoctetam
589 905 664 967 dixit
693 923 710 967 a
738 905 847 985 Pratye
877 919 1022 978 morsum,
1057 917 1147 981 quum
1177 918 1246 962 cum
1274 917 1359 963 con-

266 1008 419 1089 spexisset
440 999 610 1093 ἡττημένον
634 997 698 1071 dno
721 997 870 1093 npdcooe
892 1001 1119 1094 decomodare,
1149 1000 1295 1084 κομῶντα
1316 1001 1359 1068 δὲ

264 1107 317 1174 καὶ
346 1101 506 1197 αὐχμηρὸν
529 1101 588 1174 ἔτι.
632 1109 695 1172 llac
723 1111 753 1172 in
780 1111 951 1172 narratione
979 1107 1062 1171 Plato
1089 1104 1286 1184 adolescens,
1322 1109 1358 1169 in

153 1248 157 1256 ·
265 1211 421 1276 Ciceronis
451 1211 559 1274 labella
592 1220 690 1275 aetate
727 1215 785 1275 iam
817 1213 997 1295 ,provectior
1026 1207 1234 1274 Antimachum
1268 1209 1357 1272 solus

264 1317 437 1379 consolatus
460 1332 530 1379 csse
553 1316 678 1378 traditur
684 1337 693 1392 ;
716 1333 784 1378 nam
805 1333 843 1378 ec
865 1323 977 1378 tanturn
1002 1323 1153 1394 tempore,
1184 1325 1244 1393 quo
1269 1311 1357 1374 Plato

263 1419 361 1500 gloria
381 1419 518 1496 floreret,
548 1418 743 1482 Antimachus
770 1420 866 1500 potuit
892 1417 1012 1480 dicere:
1048 1415 1151 1478 ”Plato
1176 1415 1248 1477 mihi
1274 1433 1356 1478 unus

260 1521 357 1584 instar
385 1528 432 1584 est
456 1508 586 1584 omnium
615 1523 757 1584 milium«
815 1523 916 1595 Quare
941 1537 1030 1599 quum
1057 1518 1104 1580 bis
1139 1517 1355 1580 diversissimis

262 1623 447 1704 temporibus
466 1624 532 1703 pari
553 1624 671 1685 ratione
688 1604 1035 1687 Platonem'Antimacho
1053 1621 1191 1684 solatium
1215 1621 1355 1684 attulisse

263 1725 317 1787 vix
339 1725 422 1787 credi
445 1727 557 1806 possit,
589 1722 745 1788 Ciceronis
766 1727 827 1792 hon
851 1727 918 1807 plns
943 1743 1030 1806 qrram
1059 1722 1207 1786 Plutarchi
1242 1740 1354 1786 nama-

262 1829 336 1890 tioni
372 1828 442 1890 lidei
459 1891 462 1898 ,
481 1829 646 1892 tribuimus.
698 1829 745 1892 De
780 1827 949 1910 poematum
989 1827 1215 1890 recitationibus
1248 1827 1353 1905 mrrlta,

262 1930 369 2010 quibus
388 1939 437 1993 aut
459 1939 569 2012 poetae
586 1911 812 2013 exagitarentur
837 1934 887 1997 a'ut
907 1949 1011 1995 eorum
1031 1932 1250 1995 obtrectatores
1273 1947 1352 1992 con-

260 2031 441 2112 futarentur,
472 2035 551 2116 apud
574 2045 697 2098 veteres
723 2037 796 2118 lrngi
818 2037 965 2100 solebant.
1011 2036 1060 2101 Sic
1081 2036 1170 2097 etiam
1193 2031 1352 2096 Ciceronis

261 2135 370 2198 labella
393 2154 430 2199 eo
452 2138 578 2200 consilio
602 2129 774 2221 excogitata
801 2128 936 2216 videtur,
952 2148 985 2201 ut
1005 2136 1200 2203 Antimachus
1216 2136 1350 2199 Platonis

260 2237 370 2300 iudicio
403 2239 630 2319 defenderetur,
665 2243 715 2304 vel
745 2251 778 2304 ut
806 2250 837 2306 et
863 2241 1033 2305 Antimachi
1062 2241 1192 2303 'Phehnis
1223 2246 1352 2320 propter
1435 2309 1436 2312 Ἴ

260 2342 431 2409 molestiam.
451 2351 482 2406 ct
504 2344 644 2423 taedium,
668 2345 748 2425 quod
767 2346 951 2410 auditoribus
975 2345 1143 2422 exhiberet,
1167 2333 1198 2406 et
1215 2343 1350 2405 Platonis

259 2443 399 2506 iudicium
435 2455 620 2528 carperetur.
673 2448 741 2511 Non
771 2451 868 2512 minus
906 2448 996 2512 studii
1021 2446 1281 2511 animadvertimus
1318 2447 1350 2507 in

258 2544 438 2610 Heraclidae
469 2550 583 2612 Pontici
612 2553 784 2616 narratione
817 2572 834 2615 a
863 2553 970 2616 Proclo
998 2553 1107 2628 relata,
1136 2552 1187 2631 qui
1215 2567 1252 2613 co
1279 2550 1349 2613 loco
1434 2601 1435 2618 .

259 2648 414 2712 Platonem
436 2654 599 2714 carminum
622 2657 985 2740 aestimatoremdoctum
1011 2663 1100 2734 atque
1121 2637 1348 2734 'intelligentem
1434 2625 1435 2650 ¹

259 2751 353 2815 luisse
386 2757 570 2837 argumentis
609 2777 648 2820 ex
682 2759 776 2839 ipsius
816 2759 935 2839 scriptis
974 2759 1098 2838 sumptis
1139 2757 1348 2820 demonstrare

259 2856 361 2919 studet
383 2866 488 2920 contra
509 2859 652 2921 Duridem
674 2869 704 2922 et
722 2857 946 2923 Callimachum.
1155 2865 1160 2874 “

344 2961 471 3022 Patriam
492 2960 661 3023 Antimachi
684 2963 789 3027 Suides
812 2971 842 3025 et
864 2963 929 3026 iere
952 2979 1072 3041 omneS,
1096 2944 1146 3044 qui
1169 2964 1234 3025 eius
1258 2981 1348 3024 men-

261 3062 374 3125 tionem
395 3061 518 3140 faciunt,
543 3062 801 3145 Colophonem,
824 3066 925 3129 loniae
947 3067 1063 3145 urbem,
1087 3067 1197 3129 dicunt.
1221 3065 1348 3130 Ovidius

258 3165 368 3246 (Prist,
389 3162 412 3242 l,
436 3166 466 3244 6,
489 3165 537 3239 l.)
566 3165 723 3230 Clarium
746 3187 814 3232 eum
836 3171 976 3233 nominat.
1016 3171 1113 3232 liliam
1135 3172 1166 3231 in
1189 3168 1346 3232 Ciceronis
1432 3155 1433 3180 ³

156 3307 158 3312 -
258 3267 326 3327 loco
356 3283 448 3346 supra
480 3270 571 3331 citato
603 3269 751 3333 editiones
781 3273 851 3334 olim
883 3275 1044 3337 tenebant:
1086 3271 1346 3349 Antimachum,

177 3395 182 3406 =
257 3366 415 3460 Clarium¹
437 3379 593 3454 poctam3
622 3381 778 3437 atomncs
803 3375 923 3439 codices
950 3376 1098 3458 praebent
1120 3377 1257 3438 clarum
1279 3393 1345 3456 po-
1431 3433 1432 3442 .

256 3477 356 3532 ctam.
401 3471 505 3542 Restat
532 3475 637 3556 igitur,
669 3479 719 3558 qui
754 3475 842 3540 Claro
874 3479 940 3541 urbi
972 3453 1180 3542 Antimachum
1217 3478 1345 3556 addicat,
1431 3473 1432 3483 ’

255 3573 338 3637 solus
357 3574 511 3655 Cnidius,
545 3580 593 3640 cui
623 3589 726 3661 utpote
756 3590 865 3662 poetae
899 3583 1005 3656 minus
1035 3590 1175 3661 accurate
1210 3582 1347 3662 loqurenti

254 3678 543 3772 patriae‘honorem
570 3671 792 3764 a'Colophone
823 3685 860 3746 ad
889 3682 1024 3764 Clarum,
1054 3687 1160 3749 urbern
1189 3685 1220 3747 in
1247 3682 1345 3747 Colo-
1430 3721 1431 3745 r

192 3795 195 3802 '
253 3781 432 3877 phoniorum
454 3782 562 3845 finibus
585 3787 671 3846 sitam
700 3794 731 3849 et
753 3790 876 3851 oraculo
906 3805 962 3851 suo
979 3793 1129 3864 maxime
1148 3789 1344 3867 celebratam,
1376 3777 1378 3781 ’

254 3881 418 3946 umrsierre
447 3883 560 3948 licuit:¹
582 3887 709 3952 Ratione
739 3889 828 3970 plane
861 3894 999 3973 opposita
1027 3893 1191 3972 Nicander,
1225 3893 1274 3972 qui
1308 3909 1344 3955 se
1429 3917 1430 3982 ᾗ

221 4023 223 4028 .
254 3985 320 4078 ipsc
351 4004 368 4047 e
398 3985 486 4072 Claro
514 3991 590 4054 urbe
616 3983 764 4074 orighrcrn
786 3996 921 4058 traxisse
952 3998 1133 4083 testatur⁵)‚
1174 4004 1205 4059 et
1230 3995 1344 4076 Apollo
1429 3985 1430 4007 ¹

271 4267 273 4272 ¹
295 4196 350 4263 '55
371 4198 475 4251 Nisshnd·
495 4192 568 4260 Ther.
586 4223 654 4258 vers.
675 4208 716 4260 ult.
736 4208 768 4262 cl.
786 4205 891 4276 Dionys.
902 4209 1009 4266 'Phasel
1027 4213 1051 4262 in
1070 4169 1126 4260 Pila
1145 4205 1271 4262 Nicandri.
1328 4247 1331 4254 .
