2936 4908
297 712 382 767 nacte
406 705 544 766 diversus
568 699 660 766 inisse
683 701 817 778 videtur,
849 699 930 780 quod
957 701 1141 796 argumentis
1168 701 1231 762 suis
1253 701 1388 764 accura-

296 809 354 868 tius
382 807 580 886 diffusiusque
609 807 754 875 enarratis
787 789 951 883 ampliores
976 800 1082 864 tabulis
1112 801 1188 864 iines
1218 804 1386 868 constituit

295 906 538 990 Argonautarum
561 908 639 969 enim
658 905 885 988 expeditionem
895 905 1023 967 maxime
1046 924 1114 967 enm
1131 904 1273 968 dilatasse
1294 906 1387 989 frag-

296 1021 392 1074 menta
415 1010 617 1085 manifestant,
649 1017 679 1071 et
705 1007 786 1089 quod
804 989 964 1072 distichon·
984 1006 1149 1088 Oedipodis
1172 1007 1210 1069 ad
1235 1009 1406 1092 Polybum

294 1115 365 1176 Laii
379 1113 466 1194 bigas
486 1111 668 1174 reducentis
679 1109 748 1197 iacit
766 1112 957 1187 mentionem,
981 1128 1018 1174 ea
1025 1111 1224 1191 longioris
1200 1127 1266 1174 stne
1289 1111 1384 1176 dubio

295 1215 504 1296 descriptionis
528 1215 615 1277 etiam
639 1207 790 1276 orationes
814 1213 1004 1294 complexae.
1013 1213 1157 1293 particula
1188 1220 1243 1288 est.
1296 1214 1384 1287 Quae

295 1337 396 1398 quum
408 1321 447 1380 ita
470 1319 546 1393 sint,
576 1335 751 1397 quamquam
774 1317 886 1398 pisinus
909 1323 940 1386 et
961 1314 1112 1394 secundus
1142 1323 1253 1378 tantum
1277 1317 1384 1404 Lydae

294 1421 360 1482 iibri
383 1419 618 1501 ascriptoribus
630 1431 696 1482 eam
708 1418 865 1494 citantihus
879 1425 1159 1506 commemorantur,
1182 1418 1260 1481 hunc
1281 1427 1383 1483 tamen

293 1541 447 1588 iiurnerum
478 1541 584 1602 poema
616 1525 789 1586 excessisse
808 1521 1014 1582 censemus..
1038 1519 1125 1594 Quod
1156 1528 1188 1582 ut
1215 1528 1383 1584 statuemus

292 1625 352 1686 non
381 1626 477 1686 minus
504 1641 560 1686 nos
593 1624 760 1691 Antimachi
793 1623 881 1692 nimia
911 1621 1033 1692 ubertas
1065 1622 1198 1701 adducit,
1229 1643 1291 1704 qua
1309 1645 1382 1688 ιιοιι

291 1727 388 1790 solum
421 1725 563 1802 Thebais,
588 1735 718 1788 carmen
752 1726 884 1806 epicum,
921 1723 989 1786 sed
1010 1727 1097 1810 etiam
1127 1725 1230 1808 Lyde
1240 1725 1380 1790 distincta

292 1829 384 1892 tuisse
407 1828 535 1891 videtur.
581 1827 655 1892 Nain
678 1825 708 1890 id
731 1845 850 1924 quoqne
879 1844 1009 1907 poema,
1029 1845 1206 1915 quamquam
1236 1829 1378 1910 elegiaco

291 1939 387 1994 metro
415 1930 632 2012 conscriptum,
664 1933 749 2012 epioe
772 1939 869 1994 tamen
892 1929 945 1991 fuit
971 1930 1248 1993 naturalium
1239 1933 1378 2011 inprimis

290 2033 329 2094 ob
353 2053 472 2098 causam
495 2033 703 2116 Posidippus
692 2054 725 2095 m
749 2033 1025 2115 epigrammate:
1368 2106 1373 2119 ι

377 2123 518 2212 Neurode
539 2160 591 2200 και
582 2127 765 2221 Λι1’6ης
748 2133 851 2224 accipet
873 2125 946 2212 odo,
969 2157 1021 2198 και
1012 2124 1153 2222 φέρ’ἱ
1135 2125 1275 2223 epactam

321 2237 342 2312 ,⁵
418 2237 604 2327 Μιμνέρμου
625 2237 677 2304 καὶ
698 2238 756 2311 τοῦ
768 2229 973 2326 ’σώφρονος
993 2229 1186 2320 Ἀντιμάχου.
1200 2241 1241 2314 ²¹)

289 2343 390 2425 Lyda'e
420 2352 572 2406 auctorem
594 2334 778 2430 σώφρονα
798 2342 1002 2424 praedicavit,
1032 2335 1143 2424 quippe
1174 2344 1223 2424 qni
1239 2357 1311 2405 'non
1344 2353 1377 2405 nt

199 2451 204 2458 '
288 2446 351 2522 alii,
381 2447 458 2506 inter
481 2463 556 2527 quos
584 2447 789 2524 Mimnermus,
819 2446 1037 2508 vehementiori
1068 2447 1156 2507 animi
1187 2447 1278 2528 motui
1302 2463 1376 2508 sese

289 2545 474 2625 tradidisset,
506 2549 560 2611 sed
583 2549 619 2610 ab
648 2551 728 2620 omni
756 2550 844 2610 animi
860 2549 1069 2610 concitatione
1091 2559 1203 2630 vacuus
1225 2566 1284 2611 res
1299 2568 1316 2610 a
1338 2567 1375 2611 se

289 2648 401 2716 alienas
425 2669 515 2726 sanus
537 2653 752 2714 recensuisset.
798 2653 892 2726 Quam
906 2649 1032 2712 eandem
1046 2648 1212 2712 Antimachi
1226 2653 1374 2713 rationem

288 2754 376 2815 etiam
396 2753 614 2840 Ηθιιιιεείιιιιιιιι
637 2750 779 2816 verbis
762 2776 802 2817 εκ
822 2744 964 2827 παντὸς
988 2767 1245 2834 concupisces
1257 2745 1373 2848 tropei

285 2875 351 2919 coo
374 2858 544 2939 significare
569 2835 719 2919 videtur.
742 2855 801 2920 Sed
824 2861 1007 2950 quamquam
1019 2855 1110 2936 longe
1126 2858 1221 2918 maior
1228 2864 1373 2938 poema-

285 2961 322 3020 tis
354 2977 423 3040 pars
453 2960 641 3021 heroicarum
669 2953 834 3020 tabularum
864 2955 1100 3037 descriptionem
1126 2961 1289 3038 continuit,
1322 2960 1373 3023 hic

284 3060 345 3123 illic
367 3069 480 3137 tamen,
504 3070 534 3125 et
556 3061 621 3123 sine
645 3061 766 3122 dubio
759 3079 789 3122 m
811 3061 949 3128 carminis
964 3061 1059 3134 initio,
1082 3049 1129 3123 de
1143 3078 1198 3138 suo
1220 3065 1250 3126 in
1264 3062 1375 3144 Lyden

284 3169 380 3224 morte
403 3163 469 3234 sibi¹
483 3171 617 3244 ereptam
640 3155 743 3240 amore
757 3163 876 3226 infelici
889 3172 979 3245 poeta
991 3161 1109 3226 locutus
1133 3173 1189 3227 est.
1234 3164 1276 3228 Ita
1290 3167 1370 3228 enim

283 3281 350 3330 curn
373 3264 548 3328 Mimnermo
574 3254 768 3332 Antimachus
786 3259 1006 3348 'in-Posidippi
1032 3269 1250 3349 ⁸epigrammate
1278 3285 1369 3348 supra

187 3429 190 3436 ,
282 3375 447 3429 memorato
472 3378 642 3449 opportune
666 3371 867 3452 componitur,
893 3377 923 3430 et
946 3357 1189 3458 Ovidiiversus:
1224 3433 1227 3440 Δ
1252 3385 1256 3396 ·

426 3469 489 3532 Nec
513 3480 624 3535 tantum
648 3471 747 3536 Clario
770 3472 855 3554 Lyde
879 3473 985 3534 dilecta
1008 3479 1118 3553 poetae
1200 3487 1203 3491 ’

478 3573 543 3636 Nec
565 3581 676 3636 tantum
701 3573 765 3638 Coo
788 3575 880 3636 Battis
903 3582 998 3636 amata
1021 3591 1077 3636 suo
1089 3577 1131 3648 ²²]
1180 3603 1188 3616 =
1235 3597 1238 3606 ·

270 3677 488 3758 expediuntur.
524 3677 628 3759 Neque
652 3697 725 3750 vero
749 3673 1000 3764 Hermesiannctis
1023 3676 1116 3752 verba
1138 3666 1234 3762 γόων
1256 3669 1375 3745 δ’ἐκ..
1453 3651 1454 3750 1

279 3771 455 3863 nidosve.
473 3778 650 3864 βίβλους
659 3755 757 3843 solnm¹
779 3779 817 3848 ad
843 3775 902 3844 iata
925 3765 1060 3843 veterum
1089 3772 1214 3843 tieroarn
1236 3774 1365 3844 adversa

279 3892 406 3960 possunt
426 3885 557 3948 referri²
563 3885 600 3960 ³.)

277 3996 540 4012 ’Μ

312 4065 361 4130 21)
395 4069 530 4212 Posidippo
538 4074 624 4144 Epigr.
641 4075 696 4127 Χ.“
690 4092 714 4126 ιιι
730 4072 832 4126 Anthol.
846 4072 925 4132 aaran
933 4071 995 4136 .,Χ11
1011 4069 1069 4126 168
1172 4093 1182 4110 ·’
1206 4145 1211 4153 ι

312 4133 424 4270 {g}
397 4136 461 4190 0vid
512 4144 555 4193 rist
585 4145 594 4193 1
621 4145 638 4196 6
666 4144 727 4226 1

706 447 739 457 -
810 411 865 476 η
934 445 967 457 -

297 621 374 664 mum
399 609 464 663 est
500 599 571 666 Sed
582 599 637 662 hac
659 585 822 680 praecipue
853 617 887 660 re
917 595 1110 661 Antimachus
1136 595 1174 658 ab
1205 595 1386 660 Hermesta·

1453 3519 1454 3586 1

1453 3593 1454 3642 1
