2898 4868
501 399 659 466 ...ῃ
728 433 766 443 .-

90 584 152 650 καῖ
178 587 319 674 ιιωρεῖν
348 583 383 650 οῖ
414 579 553 650 Ἠλεῖοι
586 580 628 650 ro
657 589 823 653 ’πενθεῖν
852 587 958 675 φασὶ,
995 589 1056 656 καὶ
1085 582 1171 657 Ἀνπ

2 753 10 762 ,
90 678 218 764 αὖθις.
929 767 932 772 Δ
1112 675 1115 686 ’

191 794 367 888 πωρητὸν
388 790 564 880 οἷλόχοισι
585 798 646 864 καῖ
665 792 729 877 οἷς
749 799 948 867 τεκέεσσιν
972 791 1138 879 ἕκαστος.

88 901 204 978 ouius
219 921 260 966 cx
275 903 378 966 verbis
396 901 669 986 Schehonhergi'us‚
693 894 948 968 Hemsterhusium
964 908 1001 970 od
1018 908 1171 988 Aristoph.

88 1005 164 1070 Piut.
187 1005 238 1070 33.
261 1015 398 1085 secutus,
421 1005 496 1068 duos
517 1025 625 1071 versus
648 1011 692 1070 sic
714 1007 812 1072 dedit:

194 1107 302 1196 πεῖρας
322 1105 373 1172 τοτ’
393 1099 422 1202 χ’
443 1099 587 1189 ἅῖέχοισι
608 1108 660 1174 καῖ
680 1101 731 1185 οἷς
752 1107 907 1175 τεκέεσσιν
921 1109 1072 1187 ’ἕκαστος’

90 1220 123 1273 ei

194 1305 340 1401 πωρητύν
362 1303 505 1392 αἷλόχοισι
527 1314 584 1388 καὶ,
601 1306 651 1391 οἷς
671 1313 826 1384 τεκέεσσιν
848 1313 968 1382 ἔθεντο.

88 1433 151 1502 Sed
173 1434 302 1497 diversis
326 1455 366 1498 ex
387 1434 517 1498 sontibus
540 1435 649 1506 Suidoe
671 1437 764 1500 verba
786 1439 913 1502 conflata
940 1443 1018 1500 sunt.
1062 1437 1171 1502 Poste-

88 1539 152 1600 rior
174 1553 259 1619 pm,
283 1555 359 1618 quoe
381 1539 484 1619 incipit
506 1557 523 1600 ε
546 1538 648 1600 verbis
669 1537 721 1603 καῖ
743 1541 858 1624 πορεῖν
880 1536 911 1604 οὶ
931 1529 1064 1618 Ἠλεῖοι,
1093 1559 1170 1604 con-

19 1673 26 1684 ·
89 1643 169 1722 gruit
192 1659 258 1704 cum
279 1639 401 1702 scholiis
425 1640 515 1721 Soph.
539 1640 574 1704 0.
599 1638 634 1704 C.
657 1641 707 1702 ih.
736 1643 853 1726 πορεῖν
879 1639 915 1706 δέ
943 1629 1111 1708 οἱί,“1ι’ῖεῖοιΙ
1132 1635 1170 1706 τὸ

90 1744 222 1808 πενθεῖν
243 1739 333 1829 φασὶ,
353 1740 407 1806 καὶ
428 1732 653 1824 Ἀντίμαχος·

192 1836 350 1932 πωρὴτοιν
372 1837 515 1926 ἆλόχοισι
540 1883 574 1893 -
600 1842 740 1921 ἕκαστος.

91 1965 141 2028 Sic
163 1967 371 2029 enimversurrr
384 1966 509 2045 praehet
531 1965 598 2030 cod.
614 1967 755 2029 Laurent.
770 1966 870 2028 Vcrha
891 1959 1037 2053 πωρνχιόν
1059 1976 1090 2031 ει
1101 1987 1169 2032 ruo-
1222 2005 1227 2018 ·

89 2058 199 2154 ρὴτοιν
221 2067 385 2147 perducunt
407 2067 445 2130 ad
467 2087 573 2132 vocem
595 2059 786 2154 πωρητιῖν,
810 2087 897 2149 quoru
919 2070 1087 2151 Hesychius
1110 2089 1169 2132 ex·-
1290 2057 1296 2066 ’

90 2171 181 2248 plicat
202 2167 429 2258 ταλαιπωρίαν,
452 2167 580 2246 πένθος.
626 2168 685 2236 Sed
708 2189 797 2250 quum
820 2173 988 2234 terminatio
1011 2192 1047 2234 eu
1069 2174 1098 2233 iu
1113 2163 1170 2248 τύς

89 2274 308 2354 posterioribus
332 2273 426 2335 minus
445 2282 515 2335 noto
537 2281 633 2350 osset,
655 2291 761 2335 vocem
775 2271 894 2361 πῶρος,
917 2294 1005 2355 quom
1027 2275 1057 2336 iu
1073 2275 1168 2336 verbo

89 2375 268 2456 explicando
290 2373 490 2462 ταλαίπωρος
510 2375 666 2457 tegebant,
694 2377 795 2438 inesse
817 2378 890 2454 ruti,
912 2366 1058 2463 πωρηιέν
1080 2377 1169 2457 poul-

90 2477 171 2541 istim
198 2478 407 2556 depravarunt.
458 2479 534 2540 Hinc
566 2477 735 2559 corruptela
762 2486 827 2539 ortu
856 2479 887 2540 in
915 2479 1024 2544 Schoii.
1052 2479 1169 2542 iliorum

90 2581 181 2662 Soph.
204 2581 251 2644 ed.
263 2581 397 2644 Romano
419 2579 526 2666 πεῖρας
546 2576 599 2644 ποῖ
619 2571 661 2664 γ’,
685 2581 819 2661 aliaeque
842 2582 872 2644 in
886 2582 1024 2662 reliquis,
1048 2583 1170 2664 quihus

89 2685 258 2765 pertinent,
281 2685 366 2766 locis.
410 2681 485 2745 Cum
507 2685 609 2766 priore
632 2683 740 2748 Suidoe
767 2679 939 2746 verborum'
955 2693 1039 2765 parte
1062 2685 1136 2748 conf
1150 2719 1170 2733 -

89 2785 183 2849 reuda
206 2795 273 2848 sunt
295 2786 394 2852 Schoi.
407 2788 598 2868 Aristophun.
621 2787 696 2849 Piut.
711 2784 763 2848 33.
787 2793 817 2847 et
831 2785 929 2850 Schoi.
951 2785 1054 2869 Eurip.
1069 2787 1170 2852 orest.

89 2889 162 2952 392.
183 2921 217 2932 -
258 2889 356 2955 Schoi.
378 2889 511 2972 Euripid.
534 2891 628 2954 verbo
650 2889 725 2951 haec
747 2895 830 2951 sunt:
859 2885 1060 2975 ταλαίπωρος
1080 2881 1170 2976 παραὶ

87 2984 145 3077 τήν
166 2982 289 3080 troium,
312 2983 332 3057 ὃ
353 2991 445 3080 δηλοῖ
466 2985 503 3056 cti
526 2991 655 3068 πένθος·
684 2983 912 3073 Ἀντίμαχος·

191 3087 305 3184 πώρη
325 3118 386 3161 τοι
407 3087 517 3160 cit-
564 3092 761 3169 ἕκαστος’

88 3215 158 3288 ἀντὶ
179 3223 238 3288 τοῦ
259 3221 399 3300 πένθους
418 3221 508 3308 λέγει.
554 3222 819 3304 Schot.A1-tst0ph.
841 3220 1043 3311 ταλαίπωρος
1057 3219 1093 3288 δέ
1106 3246 1168 3289 πα-

87 3319 193 3412 (roco
222 3325 334 3411 τλῆναι
365 3321 421 3391 τὸν
446 3325 568 3413 πεῖρον,
603 3317 623 3390 ὅ
656 3321 726 3390 ἐστι
754 3321 885 3401 πένθος·
926 3319 978 3390 ὅτι
1003 3324 1040 3390 δέ
1060 3325 1168 3414 ταῦρος

88 3425 210 3505 πένθος
232 3425 311 3508 ἐστὶ,
341 3427 404 3496 καὶ
432 3419 651 3511 Ἀντέμαχός
672 3443 774 3516 φησι·

192 3540 330 3638 πῶρὸς
354 3573 421 3615 τοι
446 3585 480 3598 ·-
506 3546 685 3624 ἕκαστος.
776 3583 784 3590 -
1160 3620 1166 3629 ,

90 3663 175 3736 Quae
201 3663 354 3741 utriusque
387 3662 492 3724 schoiii
521 3660 614 3724 verbu
643 3661 684 3722 ita
716 3678 783 3724 cum
813 3660 921 3726 sutae
950 3658 1053 3738 priore
1082 3665 1169 3738 porte
1231 3671 1236 3681 ·
1269 3659 1276 3670 “

90 3771 273 3846 congruunt,
296 3771 329 3825 ut
351 3783 391 3825 ex
407 3763 514 3826 eodem
536 3761 618 3826 ionte
633 3763 738 3828 suidas
754 3764 892 3826 hausisse
908 3760 1003 3843 primo
1027 3758 1175 3841 adspectu

91 3867 284 3948 intelligatur.
327 3855 419 3952 πώρη
433 3887 492 3938 ,σοι
510 3873 608 3927 utitem
630 3855 786 3951 ειπῶρός
806 3885 857 3928 τοι
879 3871 909 3924 ei
923 3860 1030 3948 πεῖρον
1043 3883 1092 3926 τιν
1114 3881 1170 3926 οε·-

90 3970 159 4033 dem
181 3971 316 4047 rationo,
347 3987 405 4050 qus
426 3969 458 4029 io
480 3965 529 4029 ed.
556 3966 641 4029 Rom.
671 3966 779 4032 scholi.
807 3964 907 4046 Sopho
933 3955 1041 4051 πῶρός
1061 3963 1112 4030 τοί
1133 3957 1170 4052 χ’,

90 4079 157 4134 ortu
184 4079 253 4134 sunt
282 4090 322 4133 ex
350 4059 506 4156 πινριχτέν.
555 4068 683 4132 Eosdem
714 4069 868 4149 phanech
897 4087 1002 4130 coustu
1031 4077 1172 4150 corrupto

91 4183 158 4236 sunt
183 4174 362 4237 scholiorum
385 4181 415 4235 ct
437 4170 546 4240 suidas
568 4171 632 4252 ipso
645 4171 751 4246 verbo,
776 4187 853 4250 quoe
866 4172 1025 4234 restituere
1047 4189 1107 4234 uon
1124 4181 1173 4232 est
