2898 4868
507 389 666 458 ..affl
737 424 769 432 -

95 592 241 653 „neque
263 575 330 638 iaar
353 574 505 640 eatidarn
524 577 673 642 antinum
694 577 872 642 exhalans
896 579 1071 644 intention
1096 586 1181 644 cute

94 678 227 757 togen“
251 677 269 740 i.
294 695 322 740 e.
347 695 407 738 nou
429 680 491 742 eris
513 679 578 744 sine
602 678 743 756 uulnere,
766 678 821 744 sed
843 697 910 745 men
921 697 1010 744 manu
1030 680 1181 756 nauum

94 779 147 846 veI
169 769 258 845 erint
277 801 316 844 τι
336 772 492 866 θερμός
515 771 648 860 Θομόν
670 771 884 850 diameter
905 799 972 864 sqq.
995 781 1032 846 cI.
1055 781 1181 865 nunt

95 882 148 974 Ιῖ,
172 881 253 949 hrt:
280 874 392 963 Θυμόν
419 872 592 950 ἀναπνείων
620 879 708 968 χερσὶ
734 872 1067 971 μέλονοῖμφοτέρῃοιν
1087 873 1182 966 Altae

92 973 166 1048 κατ’
187 975 319 1068 chetim
340 976 520 1064 ὑποΐσχετο.
564 984 713 1066 Bergkius
736 987 766 1048 in
795 986 924 1066 epistola
944 982 1066 1072 θερμὸν
1095 989 1181 1052 simi-

94 1085 222 1154 deine
244 1089 327 1150 vocis
354 1083 483 1173 δέρτρον
504 1083 665 1168 irrepsisse
693 1089 861 1169 suspicatus
892 1087 1083 1155 scribendam
1111 1106 1182 1154 eree

96 1191 267 1254 euIstimat:
291 1179 367 1254 Οὐδ’
389 1179 434 1254 ἴτ’
455 1179 630 1256 hamana
651 1206 717 1269 sqq.

516 1445 616 1508 xtv.
662 1459 707 1526 (1).
726 1459 783 1526 35.)

201 1613 324 1703 Δεῖμός
344 1613 373 1690 τ’
396 1612 453 1706 ἠδὲ
474 1614 597 1704 Φόβος,
619 1615 724 1698 πόδας
744 1617 873 1702 cinctu),
898 1614 948 1688 υἷε
970 1621 1119 1710 eumne.

185 1761 284 1824 Schoi.
309 1761 414 1823 Venet.
438 1759 476 1820 ad
498 1759 530 1822 ΙΙ.
547 1759 595 1837 tv,
616 1757 689 1821 439.
713 1761 763 1842 uni
784 1761 862 1824 huuc
885 1778 1005 1824 versum
1021 1762 1104 1841 citat,
1128 1782 1181 1824 er-

103 1863 181 1924 roris
204 1863 316 1924 crimen
338 1864 368 1924 in
391 1861 597 1926 Antimachum
621 1861 751 1940 confert,
775 1861 871 1943 quod,
900 1881 988 1942 quum
1010 1865 1130 1944 Δεῖμος
1151 1871 1182 1926 et

102 1954 210 2046 Φόβος
231 1963 332 2030 hiantis
349 1965 407 2026 sint
430 1964 492 2041 sulii,
516 1982 611 2043 equos
624 1966 688 2026 eius
702 1964 821 2029 dixerit
865 1964 925 2030 Sed
941 1966 1022 2028 licuit
1044 1967 1073 2028 in
1098 1967 1182 2030 eius·

100 2065 181 2132 modi
202 2067 292 2128 rebus
315 2067 444 2131 variare.
487 2065 579 2130 Filios
602 2085 671 2130 esse
694 2067 797 2132 Martis
824 2067 902 2149 apud
925 2067 1085 2130 Homerum
1108 2087 1182 2150 per-

98 2171 225 2251 spicitur
248 2189 286 2231 ex
309 2169 342 2230 II.
365 2169 443 2248 XIII,
472 2169 544 2232 299.
583 2161 680 2256 ’Ἀρης
708 2159 884 2253 πόλεμόνδε
911 2167 1056 2251 μέτεισι·
1078 2168 1125 2254 τῷ
1146 2167 1182 2234 δὲ
1222 2185 1224 2190 “

99 2261 224 2356 Φόβος,
239 2268 348 2358 1φίλος
369 2264 624 2350 οἵὸς-ἵοπετο,
655 2272 692 2334 ad
716 2292 792 2354 quae
815 2272 974 2336 scholiasta
997 2277 1132 2335 annotat:
1161 2263 1182 2358 ἡ

98 2371 211 2459 διπλῆ,
242 2365 292 2437 ότι
319 2372 422 2462 ῥητῶς
444 2369 557 2464 ’Ἄρεος
578 2368 648 2452 οἰός
670 2365 779 2458 Φόβος
802 2389 809 2406 ·
833 2366 854 2462 ἦ
876 2371 912 2440 δὲ
934 2365 1081 2462 οἶναφοοᾶ
1102 2365 1183 2460 πρός

97 2469 156 2560 τῆν
189 2464 382 2566 όμφνβοῖἵον
410 2476 498 2541 τοῦ·
535 2474 623 2556 ,,Και’
650 2468 679 2568 ῥ’
712 2473 833 2555 ἵππους
861 2475 970 2543 κέλετο
999 2467 1125 2559 Δεῖμόν
1146 2498 1183 2542 τε

104 2571 211 2662 Φόβον
232 2581 299 2646 τε.“
343 2581 457 2644 Versus
480 2581 590 2663 iegitur
612 2581 644 2642 Il.
658 2579 723 2659 XV,
747 2579 818 2642 119.
842 2581 896 2644 sed
919 2582 1045 2644 addatur
1067 2601 1107 2644 ex
1128 2595 1183 2645 se·

101 2685 204 2764 quenti
234 2702 325 2746 versu
352 2675 526 2768 ζευγνύμεν.
571 2683 668 2746 Potuit
693 2689 792 2746 autem
822 2683 941 2747 dubium
968 2685 1040 2746 orIri
1069 2703 1108 2748 ex
1136 2682 1185 2745 his

100 2785 222 2848 Homeri
246 2787 363 2866 verbis,
391 2795 488 2850 utrum
514 2787 566 2851 filii
594 2795 697 2849 essent
725 2787 827 2848 Martis
854 2805 891 2848 an
916 2787 1001 2868 equi,
1030 2793 1060 2848 et
1082 2783 1181 2850 SohoI.

102 2891 178 2952 Vict.
203 2890 240 2951 ad
262 2891 294 2954 11.
318 2889 396 2968 XHI,
424 2891 496 2955 299.
519 2891 577 2953 hoe
601 2891 670 2953 Ioco
698 2890 904 2952 Antimachum
931 2888 1085 2952 seductum
1112 2903 1183 2950 esse

99 2995 224 3074 putavit,
248 3001 279 3055 ut
301 2994 338 3060 ad
362 3012 456 3076 equos
476 2993 524 3056 iila
547 2996 665 3058 nomina
682 2991 869 3056 transferret.
913 2990 977 3056 Hoc
994 2975 1184 3074 'sIgniiieatur
1257 2989 1260 2996 '

101 3095 222 3158 verbis:
252 3096 321 3174 πῶς
343 3087 397 3160 οὖν
417 3087 599 3178 Ἀντίμαχος
619 3089 674 3161 τόν
698 3086 805 3178 Φόβον
831 3088 931 3158 ἵππον
953 3083 1065 3182 ’Άρεός
1090 3110 1184 3182 onor,-

101 3195 175 3278 „qu
202 3189 230 3288 ῥ’
259 3193 381 3276 ἵππους
415 3196 522 3263 κέλετο
557 3190 676 3282 Δεῖμόν
706 3221 743 3264 τε
777 3190 884 3282 Φόβον
914 3219 950 3261 τε
979 3187 1184 3282 Ζενγνόμεν.“

102 3303 292 3364 Duentzerus
312 3301 392 3366 huno
415 3321 536 3365 versum
558 3300 735 3364 Antimacho
759 3301 874 3376 tribuii;
902 3300 957 3362 sed
983 3299 1071 3363 valde
1094 3305 1183 3364 errat.

103 3405 299 3468 Antimachus
322 3408 442 3488 saepius
465 3405 586 3486 quidem
613 3423 721 3468 versus
747 3404 924 3468 Homericos
952 3401 1017 3466 iere
1047 3402 1083 3464 ad
1111 3419 1185 3464 ver-

103 3509 173 3570 bum
200 3509 320 3589 repetiit
346 3509 433 3583 (vide
464 3507 517 3573 Irr.
547 3510 667 3588 seqq.);
698 3508 753 3570 sed
781 3507 839 3570 hue
871 3509 939 3572 Ioco
968 3503 1090 3592 Homeri
1118 3511 1186 3564 sum

103 3609 211 3686 verba,
235 3629 273 3672 eo
296 3611 422 3673 consilio
445 3611 561 3688 addita,
590 3618 623 3672 ut
650 3611 738 3692 origo
768 3611 880 3675 erroris
910 3605 1076 3672 Antimaehi
1106 3604 1185 3666 iudi-

103 3723 233 3776 caretur.
278 3711 351 3775 Cum
380 3695 510 3777 Homero
541 3715 680 3796 congruit
709 3714 831 3777 Hesiod.
864 3713 978 3792 Theog.
1004 3705 1076 3770 933.
1105 3707 1185 3770 Sent.

105 3817 177 3879 195.

344 3993 350 4010 ⁸
438 3987 558 4051 xtvt.
600 4003 675 4068 (scu.
694 4001 735 4053 ar.
754 4001 783 4051 u.
802 3999 859 4064 aa.)

206 4166 291 4240 Ἴδεώ
315 4165 358 4250 θ’,
380 4165 417 4249 ὃς
438 4163 603 4258 κάρτιστος
625 4169 815 4253 ἐπιχθονίων
837 4159 874 4256 ἦν
896 4161 1024 4260 ἀνδρῶν.
