2898 4868
302 373 305 382 ι

504 453 544 468 -
609 421 665 490 ⁰³
730 455 771 470 .-
1004 449 1007 458 ¹

419 513 424 520 .

438 603 522 673 ilci.
566 609 843 692 (solennium

113 765 123 826 .'
203 781 336 864 llesyen
353 775 612 847 Είοιιονιανοί·
635 765 869 868 οίῚΕφίοιοις
888 774 937 858 ὥς
958 772 1181 865 Ἀντίμαχος.

86 886 267 950 Koesterus
305 883 474 960 emendavit
509 879 540 948 οἱ
570 880 760 966 Σαμονιανοί
805 897 840 960 (a
867 882 1023 968 Σαμονία,
1059 888 1181 968 entique

84 987 213 1070 Ephesi
234 985 363 1050 nomine.
384 979 518 1068 llesyelr.
540 1005 570 1050 v.
587 973 738 1070 Σίμον.),·
760 988 923 1072 Sopingius
945 982 1051 1054 ἐίσκον
1067 980 1182 1068 lervel,

89 1107 188 1170 quam
210 1086 413 1150 eonieoluram
429 1087 595 1168 probarunt
616 1089 706 1152 Voss.
728 1085 766 1151 ad
778 1088 885 1154 Catuli.
906 1109 937 1174 p.
948 1089 1021 1154 220.
1045 1100 1075 1163 et
1087 1092 1183 1156 Hem-

89 1180 229 1254 sterhuo.
251 1187 289 1252 ad
311 1189 442 1272 llesyeh.
477 1189 629 1254 Duebner.
650 1180 779 1278 ’Ἒῖσιιον
807 1180 947 1270 Ἰαόνιον,
973 1183 1121 1279 Ἐφέσιοι,
1150 1200 1183 1256 ut

92 1292 315 1354 substantivum
328 1293 368 1355 sit
383 1298 528 1355 secanam.
557 1291 620 1354 llos
634 1285 830 1356 Είσιιονιανοί
844 1309 905 1356 non
919 1295 1081 1361 relicinus.
1102 1294 1184 1358 inter

94 1393 191 1458 multa
212 1396 292 1457 enirn
314 1401 345 1457 et
367 1393 571 1456 diversissima
592 1396 722 1472 nomina,
746 1394 949 1476 quibusnam
972 1399 1082 1460 ceteris
1096 1397 1183 1461 urbi-

93 1497 156 1558 bus
178 1494 318 1577 Ephesus
339 1515 358 1558 a
380 1496 534 1558 veteribus
561 1502 609 1560 est
636 1495 778 1578 apellata,
803 1501 837 1559 nt
861 1487 1017 1584 Ὀρινγία,
1046 1495 1183 1576 Πτείία,

93 1587 248 1690 Σαμόρνα
272 1587 429 1686 (Σμύρνα,
455 1597 516 1664 vid.
546 1597 651 1664 Gallin.
678 1595 717 1663 ir.
744 1597 774 1662 l.
800 1598 847 1663 ed.
873 1597 1015 1682 Bergk),
1035 1598 1184 1684 ’Λίμονία

96 1699 280 1783 (hesych),
301 1692 446 1788 Ἀρμενία
458 1699 607 1786 (Hesyeh.
621 1689 808 1788 ν.’Ἀρτεμις
819 1690 972 1790 Ἀρμενίη,
995 1703 1073 1784 quod
1087 1703 1182 1768 ilem-

98 1803 230 1868 stenhus.
254 1821 348 1886 prave
366 1803 489 1868 nutavit
507 1805 538 1866 in
552 1799 739 1888 Αίμονίη.),“
755 1793 872 1890 Ἀλόιιη
886 1802 1014 1888 (Hygin.
1027 1804 1086 1870 iah.
1101 1805 1182 1886 tt),

101 1907 183 1967 inter
203 1905 278 1992 haee
306 1905 398 1988 igitur
423 1906 512 1968 etiarn
539 1899 699 1973 Είσκόνιον
726 1908 776 1970 rel
804 1902 952 1973 Είοκονία
978 1925 1048 1971 esse
1074 1910 1182 1991 potnit,

97 2008 251 2070 oecultum
272 2027 380 2073 nornen
404 2018 434 2072 et
454 2011 652 2089 reconditum,
676 2008 731 2074 sed
746 2007 935 2092 Colophonio
947 2019 1056 2092 poetae
1070 2019 1183 2076 notum.

102 2101 306 2187 Είοιιονιανός
325 2119 424 2180 autern
446 2111 553 2176 eadern
574 2113 702 2191 ratione,
725 2129 783 2194 qna
801 2101 987 2200 Σαρδιανὸς,
1009 2105 1182 2198 Παριανὸς,

99 2211 172 2292 alia,
194 2212 349 2277 formatum
372 2221 428 2277 est.

430 2432 530 2501 xcll.
573 2450 648 2518 (sen.
666 2449 709 2504 er.
733 2449 764 2503 ο.
784 2449 857 2517 ¹01.)

204 2588 334 2672 llesyoh
362 2583 528 2676 ἐπίηρα·
547 2579 615 2674 τήν
641 2579 719 2670 μετ’
746 2583 966 2677 ἐπικουρίας
991 2581 1100 2678 χάριν
1121 2613 1182 2674 με-

97 2681 230 2778 γάλην,
263 2682 346 2777 ἢέιι
367 2689 434 2777 τῆς
455 2687 692 2778 περιουσίας,
721 2681 769 2766 ὥς
797 2680 1029 2775 Ἀντίμαχος.
1074 2694 1183 2758 Gram-

99 2796 225 2860 maticus
251 2794 466 2858 substantivum
484 2789 602 2880 ἐπίηρα
627 2793 736 2856 tribuit
747 2791 938 2878 Antimacho,
968 2813 1055 2875 quarn
1077 2813 1183 2859 vocem

99 2900 191 2960 etiam
217 2898 248 2959 in
273 2897 404 2960 Homero
432 2895 482 2972 (ll.
510 2894 533 2974 1,
561 2895 633 2960 572.
662 2895 752 2972 578.)
781 2897 812 2958 in
837 2891 892 2976 ἐπὶ
920 2885 989 2984 ἦρα
1008 2915 1074 2960 eum
1095 2897 1183 2961 Butt-

99 3018 210 3063 manno
233 2999 347 3076 (Lexil.
369 3000 389 3062 l.
411 3018 442 3082 p.
460 2998 549 3073 150.)
573 3007 604 3062 et
625 2999 692 3062 aliis
714 2999 887 3081 disiungere
910 2998 1071 3063 nonlicet.

424 3187 547 3257 xclll.
592 3207 665 3274 (sen.
682 3187 726 3263 e'e.
743 3205 774 3260 ο.
793 3203 867 3274 rot.)

206 3367 337 3449 hesych.
358 3355 595 3454 ζειροφόρος,
625 3356 644 3428 ὁ
671 3354 814 3451 Ἀΐδης,
835 3357 936 3454 παρὰ
968 3356 1181 3452 Ἀντιμᾶχρι

103 3470 186 3533 idern
217 3469 363 3552 praebent
397 3469 492 3533 Belrk.
529 3466 666 3531 Aneedd.
698 3468 733 3548 l.
756 3487 786 3550 p.
817 3466 891 3556 261.
909 3503 944 3519 ·-
1004 3469 1183 3535 Schweneh.

102 3571 248 3648 (hleeell.
262 3572 386 3654 mythol.
408 3571 440 3634 in
456 3557 611 3637 Weleh'eri
628 3579 661 3634 et
671 3571 778 3634 Naehii
795 3571 872 3636 hiae.
887 3563 983 3634 lihe'n.
994 3569 1031 3649 ll,
1047 3589 1077 3653 p.
1093 3571 1183 3646 201.)

103 3675 212 3738 haeret
232 3676 263 3736 in
285 3692 362 3738 vene
384 3665 573 3761 ζειροφόρος
595 3674 733 3738 attributa
755 3674 881 3738 Platoni.
922 3673 969 3735 De
987 3671 1084 3736 hiarte
1106 3689 1183 3736 nona

103 3780 203 3841 eineto
225 3777 335 3840 dietum
357 3793 428 3838 esse
450 3778 635 3858 suspicatur,
666 3780 766 3858 itaque
793 3767 902 3859 Ἀίδης
922 3773 1092 3838 munndun
1113 3789 1184 3840 este

103 3882 135 3942 in
150 3871 256 3967 Ἄρης.
300 3877 359 3942 Vix
381 3877 569 3942 crediderim.
589 3878 743 3942 Plutonem
766 3876 871 3958 amplis
896 3875 1030 3940 vestibus
1051 3874 1184 3942 indutnn

104 3983 142 4045 ah
164 3981 327 4048 rrtlheiltns
348 3984 476 4055 seimon
503 3988 534 4042 et
562 3980 600 4044 ad
626 3983 697 4046 talia
724 3981 847 4042 artifieio
875 3980 1105 4062 respitientem‚
1132 3982 1184 4046 vel

104 4087 206 4167 potina
228 4085 298 4165 quin
318 4098 425 4145 ennea
446 4082 600 4144 Plutonem
621 4084 662 4146 ita
683 4083 741 4145 sibi
770 4082 868 4144 animo
896 4082 1064 4164 lingebant,
1093 4083 1184 4148 Anti·

106 4187 241 4250 maehum
268 4172 453 4271 ζειροφόρον
484 4172 592 4267 Ἀίδην
618 4184 731 4248 (linxisse
761 4184 898 4248 arbitror.
941 4176 1058 4272 Ζειράν
1086 4195 1184 4249 antem
