2898 4868
647 351 916 418 „7⁸-

244 538 291 600 od.
314 540 422 602 Venet.
447 545 476 599 ct
500 533 625 600 Casaub.
649 533 937 618 admonentium
960 553 1062 598 voram
1085 535 1245 598 lectionem
1272 557 1340 628 en-

243 641 359 702 tricavlt
375 640 619 722 Schweighaeus.
634 630 839 721 πόμπευεν.
873 639 937 701 Nisi
954 639 1031 701 lorte
1047 627 1235 719 πομττεῦει
1255 657 1337 700 vera

244 750 291 806 cst
312 745 469 824 scriptura,
492 750 523 806 ut
536 743 729 806 Antimachus
746 743 823 807 Solis
840 743 899 806 iter
914 740 1047 822 quotidie
1064 742 1224 825 repetitum
1238 739 1339 802 dixe-

156 847 159 854 '
243 847 331 908 rit-
365 845 562 908 Recentiorcs
578 846 752 926 scriptores,
775 845 826 926 qui
848 843 976 909 desolis
993 843 1101 925 poculo
1119 842 1337 920 disseruerint,

245 949 349 1010 citatos
378 947 447 1010 vide
475 950 504 1026 in
533 947 726 1030 Schneidcw„
749 947 865 1010 Delect.
894 945 916 1009 1.
944 967 973 1038 p.
1000 947 1049 1010 16.
1079 942 1116 1010 οῖ’
1139 935 1173 1010 Ιῐ.
1201 967 1231 1028 p.
1255 945 1335 1010 329.

681 1164 885 1174 -ο--κ--σ-

303 1309 629 1421 Ἀτςοαοοῑοτοοι
659 1340 935 1421 expeditionem
969 1349 1004 1404 ct
1033 1341 1172 1405 Iasonis
1207 1339 1336 1406 hlede-
1413 1295 1414 1320 F

245 1461 366 1522 acque
391 1459 536 1508 amores
565 1443 596 1504 in
617 1441 701 1525 hyde
732 1450 886 1506 enarratos
912 1461 981 1506 esse
1011 1445 1179 1526 complures
1210 1443 1335 1509 Scholi-

246 1552 328 1607 astae
356 1545 456 1626 A'poll.
491 1545 546 1608 Rh.
576 1546 636 1608 loci
670 1553 775 1625 aperte
802 1544 941 1608 indicant.
986 1545 1102 1608 Nouem
1137 1548 1215 1610 enim
1243 1549 1333 1625 locis,

246 1665 373 1728 quorum
388 1647 520 1725 plurimis
536 1645 666 1709 additum
688 1654 736 1710 est
756 1643 791 1712 ἐν
812 1637 923 1734 adop,
940 1647 1110 1711 Antimachi
1125 1651 1335 1713 auctoritatem

246 1749 285 1814 de
306 1748 457 1815 rebus-ad
480 1748 672 1831 Argonautas
702 1751 904 1832 spectantibus
933 1751 1028 1814 affert.
1073 1750 1105 1813 ln
1133 1752 1241 1816 itinere
1271 1771 1335 1835 quo

245 1855 277 1914 in
300 1850 442 1914 Colchida
463 1851 574 1916 heroes
597 1852 727 1934 profecti
749 1862 818 1918 sunt
830 1853 1054 1936 persequendo,
1078 1857 1216 1936 quoniam
1235 1857 1337 1932 minor
1413 1867 1414 1922 1

245 1955 424 2018 deflectendi
447 1955 533 2018 locus
556 1955 641 2018 datus
665 1965 746 2035 erat,
777 1976 793 2018 a
819 1957 944 2038 reliquis
970 1957 1166 2037 scriptoribus
1193 1958 1336 2021 diversos

245 2057 339 2120 luisse
361 2059 555 2121 Antimachus
578 2077 639 2121 non
661 2059 920 2139 videtursneq'oe
943 2058 1056 2138 dubito,
1080 2063 1149 2141 quiin
1169 2061 1335 2142 Apollonio
1413 2085 1414 2102 ο

245 2159 363 2224 Rhodio
387 2162 416 2223 in
447 2162 574 2224 maxima
601 2164 666 2237 cius
688 2163 898 2243 descriptionis
926 2169 1011 2243 parte
1042 2159 1246 2244 Colophonius
1274 2163 1336 2226 ob·
1413 2173 1414 2202 l

246 2273 384 2327 versatus
407 2265 499 2338 sit*).
543 2265 647 2328 Phinei
670 2264 789 2346 quidem
811 2272 841 2327 ct
860 2263 1042 2344 Boreadum‚
1065 2267 1115 2347 qui
1133 2266 1169 2329 ab
1192 2267 1336 2349 llarpyiis
1413 2279 1414 2284 ’

246 2374 345 2430 vatem
366 2367 507 2446 liberant,
530 2367 658 2430 fabulam
675 2369 739 2450 pari
758 2366 848 2430 modo
863 2367 900 2429 ab
918 2374 1045 2448 utroque
1068 2376 1222 2431 tractatam
1238 2367 1336 2431 fuisse
1413 2443 1414 2452 ἵ

247 2468 356 2532 docent
377 2469 429 2534 frr.
459 2471 510 2534 60.
538 2479 568 2534 et
598 2470 664 2552 63„
695 2479 729 2548 et,
753 2491 793 2534 ex
817 2470 854 2533 ir.
884 2470 935 2532 60.
958 2470 1075 2534 verbis:
1105 2467 1270 2555 καταλέγει
1296 2466 1336 2536 δὲ

201 2601 203 2606 ·
246 2563 376 2648 τούτους
404 2570 457 2638 καὶ
484 2563 666 2656 Ἀντίμαχος
693 2575 892 2656 suspicamur,
921 2581 953 2635 ut
981 2573 1160 2652 Apollonias
1189 2575 1219 2634 in
1248 2573 1335 2636 initio

246 2677 385 2740 carminis
412 2671 460 2739 sui
493 2677 616 2740 heroum
651 2696 717 2740 cum
748 2677 856 2740 Iasone
888 2674 1127 2757 profecturorum
1162 2677 1336 2760 catalogum

246 2781 381 2860 instituit,
404 2783 449 2844 sic
463 2781 670 2846 Antimachum
687 2798 807 2861 quoque
821 2781 852 2842 in
867 2781 1045 2842 narrationis
1057 2779 1184 2842 exordio
1195 2780 1336 2864 singulos

246 2883 361 2948 lasonis
389 2875 514 2948 comites
542 2900 745 2947 enumerasse.
791 2882 949 2944 Herculem
975 2885 1088 2964 pariter
1116 2891 1204 2964 atque
1232 2883 1336 2964 Apol-

246 2988 344 3049 lonius
365 2987 560 3054 Antimachus
574 2987 760 3068 Argonautis
778 2985 911 3066 adiungit
933 2985 985 3060 [ir.
1000 2985 1083 3063 (ih),
1107 2993 1137 3048 et
1156 3005 1336 3067 quamquam

247 3087 297 3150 ille
320 3089 477 3170 ad-·Hylan
500 3085 718 3175 quaerendum,
741 3089 789 3150 hic
810 3097 937 3171 propter
959 3089 1095 3170 corporis
1116 3069 1336 3170 vulgari‘gra'ss

246 3190 313 3252 vius
343 3189 459 3270 pondus
492 3210 602 3254 navem
632 3210 700 3254 eum
732 3188 892 3272 reliquisse
924 3191 1023 3270 finxit,
1061 3199 1176 3268 tamen,
1213 3193 1239 3252 si
1268 3209 1336 3254 rern

246 3293 342 3371 ipsam
365 3301 546 3374 spectamus,
569 3294 626 3359 hoc
639 3295 794 3375 utriusque
813 3295 1055 3357 discrimen'non
1074 3291 1176 3376 magni
1191 3297 1336 3361 momenti

246 3403 303 3468 est.
348 3395 444 3458 Eti'am
466 3397 497 3458 in
519 3397 692 3475 omnebus,
722 3415 799 3476 quae
821 3396 1017 3460 in'Colchidc
1041 3405 1202 3480 geruntur,
1232 3397 1336 3478 Apol-

195 3531 198 3538 ·
245 3498 343 3562 lonius
366 3499 402 3562 ab
421 3499 599 3563 Antimacho
622 3517 682 3561 non
703 3499 881 3564 discessisse
903 3499 1038 3575 videtur3
1061 3517 1128 3561 nam
1150 3508 1182 3561 ut
1204 3497 1335 3561 fabulam

245 3600 284 3664 dc
306 3601 439 3666 dracone
462 3603 545 3664 aurei
568 3602 689 3664 velleris
713 3602 839 3664 custode
861 3621 877 3662 a
900 3601 1008 3664 Medea
1031 3603 1147 3683 sopito,
1177 3603 1222 3663 sic
1245 3603 1334 3678 ctiam

195 3735 196 3738 ¹
245 3704 365 3768 labores
389 3706 425 3766 ab
448 3705 545 3768 Aeeta
568 3704 724 3785 impositos
751 3704 787 3778 ab
813 3712 943 3784 utroque
971 3705 1106 3768 similiter
1133 3712 1334 3782 pertractatas

244 3822 314 3883 esse
335 3809 579 3870 verisimillimum
608 3809 640 3870 ht
668 3807 722 3882 (fr.
747 3806 798 3869 ot.
822 3815 854 3870 et
876 3809 957 3882 65.).
1003 3807 1063 3871 Sed
1093 3805 1131 3868 de
1156 3805 1272 3867 Iasonis
1303 3814 1334 3866 ct
1413 3829 1414 3878 7

180 3981 181 3990 ἵ
244 3907 370 3971 hlcdeae
393 3929 459 3972 cum
475 3912 661 3992 Argonautis
683 3911 781 3974 reditu
793 3911 971 3991 Apollonius
985 3909 1218 3982 diversissimam
1234 3909 1332 3969 ratio-
1413 3921 1414 3928 ¹

250 4067 499 4086 *fl-——fl———n

258 4142 287 4208 ¹³)
321 4144 355 4215 Et
364 4145 505 4198 Antimachi
519 4147 587 4212 hyde
606 4157 632 4198 et
642 4147 771 4215 Apollonii
783 4105 955 4216 Argonautica
970 4145 1149 4199 aGallimacho
1164 4151 1253 4196 vexato
1266 4154 1332 4196 stunt.
