2936 4908
533 417 693 484 *⁴⁴ss
761 453 794 464 ..-

121 619 223 682 genus
244 604 276 664 in
298 601 480 668 eruditorum
502 579 606 667 manas
628 607 755 668 transire
773 605 882 686 coepit.
929 605 1013 680 Quod
1028 625 1116 686 quum
1138 607 1206 668 An·

121 705 282 766 timaclrum
312 704 419 786 lugere
449 724 509 768 non
540 708 659 788 posset,
689 713 721 768 ut
751 725 805 772 suo
840 707 967 787 tempori
996 709 1206 789 responderet,

121 823 234 868 rroaum
261 805 407 887 tproddam
436 825 565 888 poeseos
598 809 703 890 opicae
734 827 830 890 genus
857 806 1040 890 componere
1069 811 1205 889 instituit,
1233 877 1238 888 ,

122 909 204 988 quod
228 909 320 972 altera
343 927 384 970 ex
407 915 490 989 parte
512 910 643 974 Homero
675 919 814 991 quantum
844 919 948 993 posset
974 929 1008 974 se
1031 912 1206 993 applicaret,
1324 960 1334 966 .

52 995 54 1008 '
122 1030 164 1072 ex
188 1011 281 1074 altera
304 1018 390 1092 parte
413 1029 467 1073 suo
491 1015 617 1094 tempori
639 1016 824 1076 conveniret.
870 1017 969 1090 Quare
998 1015 1118 1076 omnino
1141 1014 1206 1076 llo-

122 1113 268 1176 mericum
289 1113 424 1175 colorem
446 1131 629 1178 conservans
656 1114 774 1178 doctum
797 1125 885 1196 alque
906 1117 1098 1178 artificiosum
1120 1133 1207 1178 oom-

121 1217 226 1295 posuil
241 1233 362 1277 carmon
374 1215 507 1278 eiusdem
523 1220 657 1297 generis,
680 1218 759 1298 quod
773 1226 877 1298 postea
888 1217 1083 1280 Alexandrini
1097 1225 1206 1298 poetae

119 1335 194 1378 eum
215 1318 311 1379 secuti
333 1318 429 1398 magis
451 1318 606 1398 magisque
629 1319 834 1382 excoluerunt.
877 1319 921 1382 Ea
935 1327 1104 1404 poematum
1116 1320 1206 1382 Anti-

119 1419 316 1480 macheorum
337 1418 456 1482 indoles
479 1421 641 1501 praecipue
662 1422 693 1482 in
715 1419 863 1499 dlctione,
893 1421 923 1482 id
951 1421 1031 1502 quod
1059 1441 1099 1484 ex
1120 1420 1206 1502 lrag·

120 1515 395 1601 mentis'apparet,
419 1525 580 1601 conspicua
600 1522 693 1584 luisse
708 1523 834 1586 videtur.
880 1524 1069 1604 Saepeenim
1091 1523 1206 1586 Home-

120 1641 189 1686 rum
210 1621 275 1686 lere
305 1622 343 1684 ad
372 1623 496 1688 verbum
524 1631 644 1688 secutus
677 1624 764 1699 (vide
791 1625 827 1687 lr.
851 1625 953 1688 XLVI.
979 1625 1108 1688 XLVlll.
1139 1625 1204 1698 lt.)

121 1743 162 1788 ex
181 1721 278 1790 altera
300 1732 386 1808 parte
413 1725 537 1805 pristina
555 1726 743 1806 simplicitate
759 1729 921 1808 nativoque
940 1727 1073 1790 candore
1097 1727 1204 1789 relicto

122 1828 346 1892 insolentiorem
369 1836 400 1892 et
422 1827 617 1913 difficiliorem
635 1847 802 1892 sennonem
815 1829 937 1892 efficere
953 1829 1073 1901 studuit.
1103 1829 1205 1892 Novas
1246 1871 1248 1876 -

122 1931 213 2012 ipitiu-
247 1931 407 1994 verbomm
437 1933 669 2011 compositiones
696 1923 730 1993 ¹et
760 1931 1011 1994 conformationes
1041 1933 1206 2012 quaerebat

122 2040 155 2094 et
185 2051 239 2096 suo
271 2033 413 2096 arbitratu
447 2033 608 2096 verborum
641 2034 876 2116 significationes
910 2037 1071 2097 constituit.
1119 2035 1206 2108 Quod

122 2138 229 2216 partim
252 2155 288 2197 ea
315 2155 349 2198 re
378 2144 556 2199 consecutus
586 2145 646 2213 est,
677 2136 756 2216 quod
785 2155 825 2198 ex
852 2137 980 2212 diversis
1010 2137 1145 2200 dialectis
1175 2145 1207 2200 et

123 2239 248 2319 reliquis
270 2255 400 2319 poeseos
423 2241 587 2320 generibus
611 2239 703 2302 verba
726 2240 758 2300 in
779 2240 894 2320 epicam
916 2241 1025 2319 poesin
1038 2238 1206 2301 transfere·

120 2341 173 2402 liat
208 2347 238 2404 et
266 2341 453 2420 antiquorum
482 2343 696 2404 vocabulorum
726 2341 837 2406 fornas
867 2343 1021 2404 inusitatas
1049 2341 1205 2420 minusque

122 2451 210 2504 raotas
236 2442 447 2524 conquirebat:
470 2490 472 2496 ,
498 2443 561 2518 Qua
593 2461 627 2504 re
657 2443 766 2506 lactum
794 2452 858 2519 est,
888 2453 921 2504 ut
950 2433 1136 2523 posteiiores
1166 2441 1205 2505 de

121 2546 235 2626 glossis
259 2547 336 2622 eius,
361 2547 434 2628 quas
458 2543 558 2626 λέξεις
578 2554 688 2606 vocant
711 2546 832 2622 Graeci,
856 2553 934 2607 totos
951 2545 1045 2607 libros
1067 2547 1205 2608 consori-

120 2649 229 2710 herent
240 2647 278 2721 ³⁰)
302 2657 332 2710 et
353 2657 396 2711 tot
419 2648 586 2711 Antimachi
608 2648 702 2710 verba
725 2648 847 2710 Graecis
870 2649 966 2710 minus
987 2649 1094 2710 usitata
1118 2648 1204 2711 nobis

123 2751 383 2814 conseriarentur.
429 2751 477 2814 Ad
498 2771 592 2814 voces
616 2751 652 2812 ab
675 2752 742 2834 ipso
758 2749 934 2813 Antimacho
956 2749 1049 2812 lactas
1072 2758 1103 2812 et
1115 2768 1205 2832 ¹oom—
1249 2773 1251 2778 ·

122 2843 1205 2936 positasrnennusuooalvopog(navt),aminonentxxxwlln,

122 2946 299 3044 έαιηφόρος
322 2957 432 3034 (XO),
463 2949 649 3046 ζειροφὸρος
673 2955 833 3033 (xenio,
855 2944 1058 3042 ἄμορφῦνειν,
1088 2944 1205 3036 ἆκαχὺ-

122 3082 184 3123 ιἐιν
207 3060 357 3136 (CVlll.),
379 3051 527 3148 ιιωρηιὺς
549 3061 661 3140 (ill),
686 3061 769 3122 alias.
814 3058 848 3122 ln
874 3059 920 3120 his
948 3077 1087 3122 numeres
1117 3059 1206 3120 etiam

123 3163 278 3244 evulgari
307 3166 513 3244 pronominum
540 3162 717 3226 formatione
747 3161 976 3239 declinationes,
1006 3177 1080 3242 quas
1106 3158 1206 3241 Apol-

122 3266 219 3328 lonius
250 3264 304 3339 (fr.
318 3267 401 3328 lX·
417 3265 513 3338 Xlll.)
541 3266 747 3342 conservavit,
781 3271 811 3325 et
844 3264 1055 3325 nominativum
1084 3253 1206 3350 κάρηαρ
1294 3269 1297 3278 ’

123 3367 231 3443 (ct).
269 3365 370 3430 Verb'a
392 3370 511 3449 antiqua
534 3387 697 3452 parumque
724 3373 794 3429 nola
814 3372 882 3436 sunl
903 3360 975 3429 noia
997 3363 1204 3440 (LXXXlll.),

121 3461 283 3553 ιιύμενος,
299 3471 478 3548 (lxxmo,
510 3467 631 3558 plotae
661 3469 777 3548 (xm),
807 3457 854 3554 pl
890 3466 998 3544 (clm,
1027 3466 1092 3528 aaa
1145 3465 1204 3528 sen

122 3576 210 3636 etiam
231 3575 354 3636 voculas
376 3575 412 3637 ab
436 3577 523 3656 epico
546 3575 686 3636 sermone
705 3561 818 3635 alienas
840 3590 880 3632 ex
903 3571 968 3632 aliis
990 3567 1123 3630 dialectis
1137 3585 1205 3627 eum

121 3677 285 3758 sumpsisse
322 3685 353 3738 el
386 3676 554 3760 fragmenta
585 3684 615 3737 el
649 3683 785 3738 vetorum
819 3675 996 3754 scriptorum
1036 3669 1204 3730 testimonia

121 3779 319 3842 manifestant.
348 3780 465 3842 Doricis
481 3778 583 3843 formis
606 3797 673 3842 eum
690 3797 775 3841 usum
798 3767 866 3838 esse
891 3775 1025 3860 videmus
1048 3789 1087 3832 en
1104 3770 1202 3834 Schol.

120 3881 244 3944 Nicand.
276 3883 364 3950 Ther,
394 3879 423 3942 3.
452 3871 602 3944 ’Ἔστινό
634 3877 810 3966 Νίκανδρος
841 3864 982 3958 ζηλωτής
1010 3861 1204 3954 Ἀντιμάχου·

118 3975 233 4071 διόπερ
255 3984 386 4060 πολλοῖς
407 3975 508 4046 αὐτοῦ
529 3979 685 4067 ae'xprsaoc.
721 3973 783 4044 Διό
809 3976 861 4041 καὶ
888 3968 922 4039 ἐν
947 3967 1043 4083 ἐνίοις
1069 3972 1203 4061 topicae,

153 4214 205 4278 ao)
240 4215 310 4265 son
330 4231 353 4265 ι.
377 4197 542 4282 Λογγῖνος.
